<?xml version="1.0" encoding="UTF-8"?>
<!DOCTYPE html PUBLIC "-//W3C//DTD XHTML 1.0 Transitional//EN"
    "http://www.w3.org/TR/xhtml1/DTD/xhtml1-transitional.dtd">
<html xmlns="http://www.w3.org/1999/xhtml" xml:lang="en" lang="en">
 <head>
  <title>
</title>
<meta http-equiv="Content-Type" content="text/html;charset=utf-8" />
  <meta name='ocr-system' content='tesseract 3.04.00' />
  <meta name='ocr-capabilities' content='ocr_page ocr_carea ocr_par ocr_line ocrx_word'/>
</head>
<body>
  <div class='ocr_page' id='page_1' title='image "./dissertationesa00epicgoog_0375.png"; bbox 0 0 2636 3930; ppageno 0'>
   <div class='ocr_carea' id='block_1_1' title="bbox 162 141 1031 208">
    <p class='ocr_par' dir='ltr' id='par_1_1' title="bbox 162 141 1031 208">
     <span class='ocr_line' id='line_1_1' title="bbox 162 141 1031 208; baseline -0.005 -10"><span class='ocrx_word' id='word_1_1' title='bbox 162 141 230 208; x_wconf 77' lang='grc'><strong><em>280</em></strong></span> <span class='ocrx_word' id='word_1_2' title='bbox 309 143 492 195; x_wconf 79' lang='grc' dir='ltr'><strong>ΔΡΡΙΑΝΟΤ</strong></span> <span class='ocrx_word' id='word_1_3' title='bbox 510 141 585 196; x_wconf 77' lang='grc' dir='ltr'><strong><em>ΤΩΝ</em></strong></span> <span class='ocrx_word' id='word_1_4' title='bbox 602 142 820 194; x_wconf 82' lang='grc' dir='ltr'>ΕΠΙΚΤΗΤΟΤ</span> <span class='ocrx_word' id='word_1_5' title='bbox 838 142 1031 200; x_wconf 76' lang='grc' dir='ltr'><strong>ΔΙΑΤΡΙΒΩΝ</strong></span> 
     </span>
    </p>
   </div>
   <div class='ocr_carea' id='block_1_2' title="bbox 108 301 1293 1658">
    <p class='ocr_par' dir='ltr' id='par_1_2' title="bbox 110 301 1186 709">
     <span class='ocr_line' id='line_1_2' title="bbox 161 301 1186 390; baseline -0.002 -21"><span class='ocrx_word' id='word_1_6' title='bbox 161 302 258 370; x_wconf 79' lang='grc' dir='ltr'><strong><em>ἕνεκα</em></strong></span> <span class='ocrx_word' id='word_1_7' title='bbox 283 304 399 381; x_wconf 78' lang='grc' dir='ltr'><strong><em>ὕπτιος</em></strong></span> <span class='ocrx_word' id='word_1_8' title='bbox 427 301 549 387; x_wconf 75' lang='grc' dir='ltr'><strong><em>ῥέγκει·</em></strong></span> <span class='ocrx_word' id='word_1_9' title='bbox 582 304 697 388; x_wconf 82' lang='grc' dir='ltr'><strong><em>είρηνη</em></strong></span> <span class='ocrx_word' id='word_1_10' title='bbox 727 311 825 369; x_wconf 86' lang='grc' dir='ltr'><strong><em>πᾶσα.</em></strong></span> <span class='ocrx_word' id='word_1_11' title='bbox 875 303 995 390; x_wconf 82' lang='grc' dir='ltr'><strong><em>ληστης</em></strong></span> <span class='ocrx_word' id='word_1_12' title='bbox 1021 301 1186 388; x_wconf 89' lang='grc' dir='ltr'><strong><em>προαιρέ-</em></strong></span> 
     </span>
     <span class='ocr_line' id='line_1_3' title="bbox 110 409 1184 495; baseline 0 -21"><span class='ocrx_word' id='word_1_13' title='bbox 110 425 245 487; x_wconf 79' lang='grc' dir='ltr'><strong><em>ιοθσεως</em></strong></span> <span class='ocrx_word' id='word_1_14' title='bbox 267 409 308 476; x_wconf 89' lang='grc' dir='ltr'><strong><em>οὐ</em></strong></span> <span class='ocrx_word' id='word_1_15' title='bbox 330 412 467 493; x_wconf 78' lang='grc' dir='ltr'><strong><em>γίνεται,</em></strong></span> <span class='ocrx_word' id='word_1_16' title='bbox 496 410 659 495; x_wconf 89' lang='grc' dir='ltr'><strong><em>τύραννος</em></strong></span> <span class='ocrx_word' id='word_1_17' title='bbox 682 409 723 475; x_wconf 90' lang='grc' dir='ltr'><strong><em>οὐ</em></strong></span> <span class='ocrx_word' id='word_1_18' title='bbox 745 411 879 493; x_wconf 84' lang='grc' dir='ltr'><strong><em>γίνεται.</em></strong></span> <span class='ocrx_word' id='word_1_19' title='bbox 926 412 1093 493; x_wconf 82' lang='grc' dir='ltr'><strong><em>σωματίου</em></strong></span> <span class='ocrx_word' id='word_1_20' title='bbox 1124 409 1184 487; x_wconf 72' lang='grc' dir='ltr'><strong><em>δέ,</em></strong></span> 
     </span>
     <span class='ocr_line' id='line_1_4' title="bbox 160 512 1186 601; baseline 0 -20"><span class='ocrx_word' id='word_1_21' title='bbox 160 518 225 582; x_wconf 91' lang='grc' dir='ltr'><strong><em>ναί.</em></strong></span> <span class='ocrx_word' id='word_1_22' title='bbox 270 512 326 580; x_wconf 83' lang='grc' dir='ltr'><strong><em>καὶ</em></strong></span> <span class='ocrx_word' id='word_1_23' title='bbox 353 516 556 599; x_wconf 71' lang='grc' dir='ltr'><strong><em>κτηοειδίους</em></strong></span> <span class='ocrx_word' id='word_1_24' title='bbox 584 519 650 581; x_wconf 85' lang='grc' dir='ltr'><strong><em>ναί.</em></strong></span> <span class='ocrx_word' id='word_1_25' title='bbox 696 513 751 581; x_wconf 82' lang='grc' dir='ltr'><strong><em>καὶ</em></strong></span> <span class='ocrx_word' id='word_1_26' title='bbox 779 513 967 601; x_wconf 81' lang='grc' dir='ltr'><strong><em>ἀρχῶνκαὶ</em></strong></span> <span class='ocrx_word' id='word_1_27' title='bbox 994 526 1116 600; x_wconf 81' lang='grc' dir='ltr'><strong><em>τιμῶν;</em></strong></span> <span class='ocrx_word' id='word_1_28' title='bbox 1149 519 1186 581; x_wconf 88' lang='grc' dir='ltr'><strong><em>τί</em></strong></span> 
     </span>
     <span class='ocr_line' id='line_1_5' title="bbox 161 615 1182 709; baseline 0.001 -22"><span class='ocrx_word' id='word_1_29' title='bbox 161 615 223 688; x_wconf 82' lang='grc' dir='ltr'><strong><em>οὖν</em></strong></span> <span class='ocrx_word' id='word_1_30' title='bbox 246 621 335 709; x_wconf 76' lang='grc' dir='ltr'><strong><em>αύτῷ</em></strong></span> <span class='ocrx_word' id='word_1_31' title='bbox 358 621 486 687; x_wconf 91' lang='grc' dir='ltr'><strong><em>τούτων</em></strong></span> <span class='ocrx_word' id='word_1_32' title='bbox 510 619 616 706; x_wconf 85' lang='grc' dir='ltr'><strong><em>μέλει;</em></strong></span> <span class='ocrx_word' id='word_1_33' title='bbox 640 622 721 688; x_wconf 82' lang='grc' dir='ltr'><strong><em>ὅταν</em></strong></span> <span class='ocrx_word' id='word_1_34' title='bbox 744 617 807 689; x_wconf 86' lang='grc' dir='ltr'><strong><em>οὖν</em></strong></span> <span class='ocrx_word' id='word_1_35' title='bbox 824 645 874 699; x_wconf 87' lang='grc' dir='ltr'><strong><em>τις</em></strong></span> <span class='ocrx_word' id='word_1_36' title='bbox 892 623 948 687; x_wconf 82' lang='grc' dir='ltr'><strong><em>διὰ</em></strong></span> <span class='ocrx_word' id='word_1_37' title='bbox 970 623 1097 688; x_wconf 85' lang='grc' dir='ltr'><strong><em>τούτων</em></strong></span> <span class='ocrx_word' id='word_1_38' title='bbox 1117 623 1182 688; x_wconf 87' lang='grc' dir='ltr'><strong><em>αύ-</em></strong></span> 
     </span>
    </p>

    <p class='ocr_par' dir='ltr' id='par_1_3' title="bbox 135 726 1223 1030">
     <span class='ocr_line' id='line_1_6' title="bbox 135 726 1223 816; baseline -0.002 -24"><span class='ocrx_word' id='word_1_39' title='bbox 135 799 137 803; x_wconf 56' lang='grc'><strong><em>,</em></strong></span> <span class='ocrx_word' id='word_1_40' title='bbox 159 730 220 794; x_wconf 88' lang='grc' dir='ltr'><strong><em>τὸν</em></strong></span> <span class='ocrx_word' id='word_1_41' title='bbox 243 726 380 814; x_wconf 74' lang='grc' dir='ltr'><strong><em>έκφοβῇ,</em></strong></span> <span class='ocrx_word' id='word_1_42' title='bbox 403 726 491 811; x_wconf 80' lang='grc' dir='ltr'><strong><em>λέγει</em></strong></span> <span class='ocrx_word' id='word_1_43' title='bbox 514 727 604 816; x_wconf 77' lang='grc' dir='ltr'><strong><em>αὐτῷ</em></strong></span> <span class='ocrx_word' id='word_1_44' title='bbox 624 728 753 814; x_wconf 68' lang='grc' dir='ltr'><strong><em>“ύπαγε,</em></strong></span> <span class='ocrx_word' id='word_1_45' title='bbox 777 731 862 814; x_wconf 75' lang='grc' dir='ltr'><strong><em>ζήτει</em></strong></span> <span class='ocrx_word' id='word_1_46' title='bbox 881 729 920 793; x_wconf 84' lang='grc' dir='ltr'><strong><em>τδι</em></strong></span> <span class='ocrx_word' id='word_1_47' title='bbox 938 730 1066 793; x_wconf 86' lang='grc' dir='ltr'><strong><em>παιδία·</em></strong></span> <span class='ocrx_word' id='word_1_48' title='bbox 1091 727 1181 795; x_wconf 89' lang='grc' dir='ltr'><strong><em>έκεῖ-</em></strong></span> <span class='ocrx_word' id='word_1_49' title='bbox 1210 749 1223 790; x_wconf 84' lang='grc' dir='ltr'><strong><em>ε</em></strong></span> 
     </span>
     <span class='ocr_line' id='line_1_7' title="bbox 159 828 1181 921; baseline -0.001 -20"><span class='ocrx_word' id='word_1_50' title='bbox 159 859 232 912; x_wconf 82' lang='grc' dir='ltr'><strong><em>νοις</em></strong></span> <span class='ocrx_word' id='word_1_51' title='bbox 263 835 303 900; x_wconf 87' lang='grc' dir='ltr'><strong><em>τδι</em></strong></span> <span class='ocrx_word' id='word_1_52' title='bbox 334 845 525 921; x_wconf 76' lang='grc' dir='ltr'><strong><em>προσωπεῖα</em></strong></span> <span class='ocrx_word' id='word_1_53' title='bbox 556 835 684 921; x_wconf 79' lang='grc' dir='ltr'><strong><em>φοβεροί</em></strong></span> <span class='ocrx_word' id='word_1_54' title='bbox 716 834 822 920; x_wconf 77' lang='grc' dir='ltr'><strong><em>ἐστιν,</em></strong></span> <span class='ocrx_word' id='word_1_55' title='bbox 854 833 918 918; x_wconf 80' lang='grc' dir='ltr'><strong><em>ἐγὼ</em></strong></span> <span class='ocrx_word' id='word_1_56' title='bbox 951 832 981 899; x_wconf 83' lang='grc' dir='ltr'><strong><em>δ’</em></strong></span> <span class='ocrx_word' id='word_1_57' title='bbox 1015 828 1091 901; x_wconf 81' lang='grc' dir='ltr'><strong><em>οῖδα</em></strong></span> <span class='ocrx_word' id='word_1_58' title='bbox 1125 836 1181 902; x_wconf 85' lang='grc' dir='ltr'><strong><em>ὅτι</em></strong></span> 
     </span>
     <span class='ocr_line' id='line_1_8' title="bbox 161 938 913 1030; baseline 0 -22"><span class='ocrx_word' id='word_1_59' title='bbox 161 942 339 1030; x_wconf 77' lang='grc' dir='ltr'><strong><em>ὀστράκινύ</em></strong></span> <span class='ocrx_word' id='word_1_60' title='bbox 364 941 463 1026; x_wconf 84' lang='grc' dir='ltr'><strong><em>ἐστιν,</em></strong></span> <span class='ocrx_word' id='word_1_61' title='bbox 488 943 616 1007; x_wconf 71' lang='grc' dir='ltr'><strong><em>ἔσωθεν</em></strong></span> <span class='ocrx_word' id='word_1_62' title='bbox 640 939 677 1008; x_wconf 73' lang='grc' dir='ltr'><strong><em>δὲ</em></strong></span> <span class='ocrx_word' id='word_1_63' title='bbox 701 938 802 1008; x_wconf 67' lang='grc' dir='ltr'><strong><em>οὐδέν</em></strong></span> <span class='ocrx_word' id='word_1_64' title='bbox 825 941 913 1028; x_wconf 80' lang='grc' dir='ltr'><strong><em>ἔχει’</em></strong></span> 
     </span>
    </p>

    <p class='ocr_par' dir='ltr' id='par_1_4' title="bbox 108 1045 1293 1658">
     <span class='ocr_line' id='line_1_9' title="bbox 109 1045 1180 1134; baseline 0.004 -24"><span class='ocrx_word' id='word_1_65' title='bbox 109 1063 158 1112; x_wconf 75' lang='lat'><strong><em>10⁷</em></strong></span> <span class='ocrx_word' id='word_1_66' title='bbox 228 1047 313 1133; x_wconf 83' lang='grc' dir='ltr'><strong><em>Περὶ</em></strong></span> <span class='ocrx_word' id='word_1_67' title='bbox 341 1050 495 1114; x_wconf 91' lang='grc' dir='ltr'><strong><em>τοιούτου</em></strong></span> <span class='ocrx_word' id='word_1_68' title='bbox 518 1047 709 1133; x_wconf 77' lang='grc' dir='ltr'><strong><em>πράγματος</em></strong></span> <span class='ocrx_word' id='word_1_69' title='bbox 731 1048 886 1134; x_wconf 79' lang='grc' dir='ltr'><strong><em>βουλεύῃ.</em></strong></span> <span class='ocrx_word' id='word_1_70' title='bbox 932 1047 1015 1113; x_wconf 81' lang='grc' dir='ltr'><strong><em>ὥστε</em></strong></span> <span class='ocrx_word' id='word_1_71' title='bbox 1037 1045 1097 1112; x_wconf 84' lang='grc' dir='ltr'><strong><em>έύν</em></strong></span> <span class='ocrx_word' id='word_1_72' title='bbox 1119 1065 1180 1114; x_wconf 86' lang='grc' dir='ltr'><strong><em>σοι</em></strong></span> 
     </span>
     <span class='ocr_line' id='line_1_10' title="bbox 160 1153 1179 1240; baseline 0.001 -21"><span class='ocrx_word' id='word_1_73' title='bbox 160 1153 252 1240; x_wconf 79' lang='grc' dir='ltr'><strong><em>δύξη,</em></strong></span> <span class='ocrx_word' id='word_1_74' title='bbox 275 1156 440 1220; x_wconf 78' lang='grc' dir='ltr'><strong><em>τὸνθεόν</em></strong></span> <span class='ocrx_word' id='word_1_75' title='bbox 464 1170 518 1219; x_wconf 96' lang='grc' dir='ltr'><strong><em>σοι</em></strong></span> <span class='ocrx_word' id='word_1_76' title='bbox 540 1153 692 1240; x_wconf 78' lang='grc' dir='ltr'><strong><em>ὑπέρθον</em></strong></span> <span class='ocrx_word' id='word_1_77' title='bbox 715 1153 770 1220; x_wconf 84' lang='grc' dir='ltr'><strong><em>καὶ</em></strong></span> <span class='ocrx_word' id='word_1_78' title='bbox 794 1155 870 1221; x_wconf 87' lang='grc' dir='ltr'><strong><em>ίδού</em></strong></span> <span class='ocrx_word' id='word_1_79' title='bbox 889 1171 943 1220; x_wconf 90' lang='grc' dir='ltr'><strong><em>σοι</em></strong></span> <span class='ocrx_word' id='word_1_80' title='bbox 961 1165 1094 1240; x_wconf 83' lang='grc' dir='ltr'><strong><em>πρῶτον</em></strong></span> <span class='ocrx_word' id='word_1_81' title='bbox 1112 1157 1179 1238; x_wconf 81' lang='grc' dir='ltr'><strong><em>τὴν</em></strong></span> 
     </span>
     <span class='ocr_line' id='line_1_11' title="bbox 108 1245 1290 1352; baseline -0.003 -29"><span class='ocrx_word' id='word_1_82' title='bbox 108 1260 379 1346; x_wconf 73' lang='grc' dir='ltr'><strong><em>Ιοθπαρασκευην.</em></strong></span> <span class='ocrx_word' id='word_1_83' title='bbox 425 1259 501 1324; x_wconf 76' lang='grc' dir='ltr'><strong><em>ἰδοὺ</em></strong></span> <span class='ocrx_word' id='word_1_84' title='bbox 524 1261 588 1346; x_wconf 83' lang='grc' dir='ltr'><strong><em>γὰρ</em></strong></span> <span class='ocrx_word' id='word_1_85' title='bbox 611 1262 646 1326; x_wconf 88' lang='grc' dir='ltr'><strong><em>τί</em></strong></span> <span class='ocrx_word' id='word_1_86' title='bbox 667 1258 723 1326; x_wconf 81' lang='grc' dir='ltr'><strong><em>καὶ</em></strong></span> <span class='ocrx_word' id='word_1_87' title='bbox 745 1258 907 1346; x_wconf 83' lang='grc' dir='ltr'><strong><em>δἝκτωρ</em></strong></span> <span class='ocrx_word' id='word_1_88' title='bbox 930 1258 1018 1343; x_wconf 81' lang='grc' dir='ltr'><strong><em>λέγει</em></strong></span> <span class='ocrx_word' id='word_1_89' title='bbox 1041 1269 1081 1346; x_wconf 78' lang='grc' dir='ltr'><strong><em>τῇ</em></strong></span> <span class='ocrx_word' id='word_1_90' title='bbox 1101 1257 1179 1326; x_wconf 85' lang='grc' dir='ltr'><strong><em>Ἀν-</em></strong></span> <span class='ocrx_word' id='word_1_91' title='bbox 1194 1283 1222 1322; x_wconf 88' lang='grc' dir='ltr'><strong><em>ιο</em></strong></span> <span class='ocrx_word' id='word_1_92' title='bbox 1288 1245 1290 1352; x_wconf 58' lang='grc' dir='ltr'><strong><em>λ</em></strong></span> 
     </span>
     <span class='ocr_line' id='line_1_12' title="bbox 160 1362 1291 1460; baseline 0.002 -30"><span class='ocrx_word' id='word_1_93' title='bbox 160 1365 322 1452; x_wconf 83' lang='grc' dir='ltr'><strong><em>δρομοίχη·</em></strong></span> <span class='ocrx_word' id='word_1_94' title='bbox 347 1363 488 1450; x_wconf 55' lang='grc' dir='ltr'><strong><em>’ύπαγεζ</em></strong></span> <span class='ocrx_word' id='word_1_95' title='bbox 510 1370 604 1450; x_wconf 86' lang='grc' dir='ltr'><strong><em>φησί,</em></strong></span> <span class='ocrx_word' id='word_1_96' title='bbox 628 1366 766 1451; x_wconf 59' lang='grc' dir='ltr'><strong><em>μᾶλλον</em></strong></span> <span class='ocrx_word' id='word_1_97' title='bbox 785 1369 832 1444; x_wconf 89' lang='grc' dir='ltr'><strong><em>είς</em></strong></span> <span class='ocrx_word' id='word_1_98' title='bbox 851 1362 945 1433; x_wconf 82' lang='grc' dir='ltr'><strong><em>οἷκον</em></strong></span> <span class='ocrx_word' id='word_1_99' title='bbox 962 1365 1018 1433; x_wconf 84' lang='grc' dir='ltr'><strong><em>καὶ</em></strong></span> <span class='ocrx_word' id='word_1_100' title='bbox 1037 1366 1177 1451; x_wconf 85' lang='grc' dir='ltr'><strong><em>ύφαινε·</em></strong></span> <span class='ocrx_word' id='word_1_101' title='bbox 1289 1363 1291 1460; x_wconf 59' lang='grc' dir='ltr'><strong><em>λ</em></strong></span> 
     </span>
     <span class='ocr_line' id='line_1_13' title="bbox 532 1481 1292 1568; baseline 0.009 -28"><span class='ocrx_word' id='word_1_102' title='bbox 532 1485 651 1556; x_wconf 82' lang='grc' dir='ltr'><strong><em>πόλεμος</em></strong></span> <span class='ocrx_word' id='word_1_103' title='bbox 669 1484 698 1542; x_wconf 92' lang='grc' dir='ltr'><strong><em>δ’</em></strong></span> <span class='ocrx_word' id='word_1_104' title='bbox 719 1487 852 1560; x_wconf 75' lang='grc' dir='ltr'><strong><em>ἄνδρεσσι</em></strong></span> <span class='ocrx_word' id='word_1_105' title='bbox 870 1486 982 1559; x_wconf 80' lang='grc' dir='ltr'><strong><em>μελήσει</em></strong></span> <span class='ocrx_word' id='word_1_106' title='bbox 1291 1481 1292 1568; x_wconf 61' lang='grc' dir='ltr'><strong><em>λ</em></strong></span> 
     </span>
     <span class='ocr_line' id='line_1_14' title="bbox 371 1570 1293 1658; baseline -0.001 -27"><span class='ocrx_word' id='word_1_107' title='bbox 371 1584 449 1644; x_wconf 83' lang='grc' dir='ltr'><strong><em>πᾶσι,</em></strong></span> <span class='ocrx_word' id='word_1_108' title='bbox 469 1575 586 1645; x_wconf 77' lang='grc' dir='ltr'><strong><em>μάλιστα</em></strong></span> <span class='ocrx_word' id='word_1_109' title='bbox 605 1573 634 1628; x_wconf 86' lang='grc' dir='ltr'><strong><em>δ’</em></strong></span> <span class='ocrx_word' id='word_1_110' title='bbox 655 1570 738 1645; x_wconf 76' lang='grc' dir='ltr'><strong><em>ἐμοί’</em></strong></span> <span class='ocrx_word' id='word_1_111' title='bbox 1292 1595 1293 1658; x_wconf 60' lang='grc' dir='ltr'><strong><em>ρ</em></strong></span> 
     </span>
    </p>
   </div>
   <div class='ocr_carea' id='block_1_3' title="bbox 107 1701 1295 1892">
    <p class='ocr_par' dir='ltr' id='par_1_5' title="bbox 107 1701 1295 1892">
     <span class='ocr_line' id='line_1_15' title="bbox 107 1701 1294 1790; baseline 0.001 -23"><span class='ocrx_word' id='word_1_112' title='bbox 107 1702 245 1768; x_wconf 76' lang='grc' dir='ltr'><strong><em>ιοεούτω</em></strong></span> <span class='ocrx_word' id='word_1_113' title='bbox 277 1701 332 1768; x_wconf 84' lang='grc' dir='ltr'><strong><em>καὶ</em></strong></span> <span class='ocrx_word' id='word_1_114' title='bbox 363 1714 421 1788; x_wconf 82' lang='grc' dir='ltr'><strong><em>τῆς</em></strong></span> <span class='ocrx_word' id='word_1_115' title='bbox 451 1704 538 1779; x_wconf 86' lang='grc' dir='ltr'><strong><em>ίδίας</em></strong></span> <span class='ocrx_word' id='word_1_116' title='bbox 568 1712 776 1788; x_wconf 79' lang='grc' dir='ltr'><strong><em>παρασκευῆς</em></strong></span> <span class='ocrx_word' id='word_1_117' title='bbox 806 1701 995 1790; x_wconf 78' lang='grc' dir='ltr'><strong><em>συνῄσθετο</em></strong></span> <span class='ocrx_word' id='word_1_118' title='bbox 1027 1703 1083 1770; x_wconf 82' lang='grc' dir='ltr'><strong><em>καὶ</em></strong></span> <span class='ocrx_word' id='word_1_119' title='bbox 1118 1714 1178 1789; x_wconf 82' lang='grc' dir='ltr'><strong><em>τῆς</em></strong></span> <span class='ocrx_word' id='word_1_120' title='bbox 1293 1710 1294 1760; x_wconf 72' lang='grc' dir='ltr'><strong><em>λ</em></strong></span> 
     </span>
     <span class='ocr_line' id='line_1_16' title="bbox 158 1806 1295 1892; baseline 0 -20"><span class='ocrx_word' id='word_1_121' title='bbox 158 1806 286 1892; x_wconf 87' lang='grc' dir='ltr'><strong><em>έκείνης</em></strong></span> <span class='ocrx_word' id='word_1_122' title='bbox 308 1807 502 1892; x_wconf 79' lang='grc' dir='ltr'><strong><em>ἀδυναμίας.</em></strong></span> <span class='ocrx_word' id='word_1_123' title='bbox 1193 1833 1217 1872; x_wconf 84' lang='lat'><strong><em>1⁵</em></strong></span> <span class='ocrx_word' id='word_1_124' title='bbox 1292 1824 1295 1892; x_wconf 67' lang='grc' dir='ltr'><strong><em>η</em></strong></span> 
     </span>
    </p>
   </div>
   <div class='ocr_carea' id='block_1_4' title="bbox 156 2143 1177 2336">
    <p class='ocr_par' dir='ltr' id='par_1_6' title="bbox 156 2143 1177 2336">
     <span class='ocr_line' id='line_1_17' title="bbox 156 2143 1177 2232; baseline 0.009 -25"><span class='ocrx_word' id='word_1_125' title='bbox 156 2143 220 2226; x_wconf 81' lang='grc' dir='ltr'><strong><em>κγ’.</em></strong></span> <span class='ocrx_word' id='word_1_126' title='bbox 262 2145 369 2229; x_wconf 87' lang='grc' dir='ltr'><strong><em>Πρὸς</em></strong></span> <span class='ocrx_word' id='word_1_127' title='bbox 390 2147 483 2222; x_wconf 85' lang='grc' dir='ltr'><strong><em>τοὺς</em></strong></span> <span class='ocrx_word' id='word_1_128' title='bbox 505 2144 879 2230; x_wconf 84' lang='grc' dir='ltr'><strong><em>ἀναγιγνώσκοντας</em></strong></span> <span class='ocrx_word' id='word_1_129' title='bbox 901 2144 967 2212; x_wconf 81' lang='grc' dir='ltr'><strong><em>καὶ</em></strong></span> <span class='ocrx_word' id='word_1_130' title='bbox 991 2148 1177 2232; x_wconf 83' lang='grc' dir='ltr'><strong><em>διαλεγο-</em></strong></span> 
     </span>
     <span class='ocr_line' id='line_1_18' title="bbox 437 2248 928 2336; baseline 0.006 -20"><span class='ocrx_word' id='word_1_131' title='bbox 437 2248 581 2336; x_wconf 88' lang='grc' dir='ltr'><strong><em>μένους</em></strong></span> <span class='ocrx_word' id='word_1_132' title='bbox 609 2252 890 2332; x_wconf 84' lang='grc' dir='ltr'><strong><em>έπιδεικτικῶς.</em></strong></span> <span class='ocrx_word' id='word_1_133' title='bbox 926 2327 928 2332; x_wconf 50' lang='grc'><strong><em>,</em></strong></span> 
     </span>
    </p>
   </div>
   <div class='ocr_carea' id='block_1_5' title="bbox 122 2389 1215 3013">
    <p class='ocr_par' dir='ltr' id='par_1_7' title="bbox 122 2389 1215 3013">
     <span class='ocr_line' id='line_1_19' title="bbox 124 2389 1174 2483; baseline 0.009 -28"><span class='ocrx_word' id='word_1_134' title='bbox 124 2407 137 2455; x_wconf 84' lang='lat'>1</span> <span class='ocrx_word' id='word_1_135' title='bbox 229 2396 286 2470; x_wconf 87' lang='grc' dir='ltr'><strong><em>Τίς</em></strong></span> <span class='ocrx_word' id='word_1_136' title='bbox 313 2389 399 2462; x_wconf 82' lang='grc' dir='ltr'><strong><em>είναι</em></strong></span> <span class='ocrx_word' id='word_1_137' title='bbox 421 2392 549 2479; x_wconf 82' lang='grc' dir='ltr'><strong><em>θέλεις,</em></strong></span> <span class='ocrx_word' id='word_1_138' title='bbox 576 2403 686 2483; x_wconf 77' lang='grc' dir='ltr'><strong><em>σαυτῷ</em></strong></span> <span class='ocrx_word' id='word_1_139' title='bbox 715 2407 847 2481; x_wconf 80' lang='grc' dir='ltr'><strong><em>πρῶτον</em></strong></span> <span class='ocrx_word' id='word_1_140' title='bbox 875 2394 958 2460; x_wconf 82' lang='grc' dir='ltr'><strong><em>εἰπέ·</em></strong></span> <span class='ocrx_word' id='word_1_141' title='bbox 986 2390 1052 2462; x_wconf 76' lang='grc' dir='ltr'><strong><em>εἷθ’</em></strong></span> <span class='ocrx_word' id='word_1_142' title='bbox 1086 2397 1174 2464; x_wconf 80' lang='grc' dir='ltr'><strong><em>οὕτω</em></strong></span> 
     </span>
     <span class='ocr_line' id='line_1_20' title="bbox 156 2497 1175 2587; baseline 0.005 -24"><span class='ocrx_word' id='word_1_143' title='bbox 156 2501 243 2563; x_wconf 91' lang='grc' dir='ltr'><strong><em>ποίει</em></strong></span> <span class='ocrx_word' id='word_1_144' title='bbox 262 2497 282 2564; x_wconf 77' lang='grc' dir='ltr'><strong><em>δ</em></strong></span> <span class='ocrx_word' id='word_1_145' title='bbox 305 2512 419 2578; x_wconf 89' lang='grc' dir='ltr'><strong><em>ποιεῖς.</em></strong></span> <span class='ocrx_word' id='word_1_146' title='bbox 463 2499 604 2587; x_wconf 79' lang='grc' dir='ltr'><strong><em>καὶγὰρ</em></strong></span> <span class='ocrx_word' id='word_1_147' title='bbox 629 2499 682 2566; x_wconf 83' lang='grc' dir='ltr'><strong><em>έπλ</em></strong></span> <span class='ocrx_word' id='word_1_148' title='bbox 704 2511 772 2566; x_wconf 85' lang='grc' dir='ltr'><strong><em>τῶν</em></strong></span> <span class='ocrx_word' id='word_1_149' title='bbox 795 2500 906 2566; x_wconf 82' lang='grc' dir='ltr'><strong><em>ύλλων</em></strong></span> <span class='ocrx_word' id='word_1_150' title='bbox 929 2503 1049 2587; x_wconf 86' lang='grc' dir='ltr'><strong><em>σχεδὸν</em></strong></span> <span class='ocrx_word' id='word_1_151' title='bbox 1068 2501 1175 2569; x_wconf 79' lang='grc' dir='ltr'><strong><em>ἁπάν-</em></strong></span> 
     </span>
     <span class='ocr_line' id='line_1_21' title="bbox 122 2605 1215 2695; baseline 0.004 -29"><span class='ocrx_word' id='word_1_152' title='bbox 122 2617 224 2668; x_wconf 76' lang='grc' dir='ltr'><strong><em>2των</em></strong></span> <span class='ocrx_word' id='word_1_153' title='bbox 251 2605 355 2684; x_wconf 80' lang='grc' dir='ltr'><strong><em>οὕτως</em></strong></span> <span class='ocrx_word' id='word_1_154' title='bbox 382 2607 511 2692; x_wconf 82' lang='grc' dir='ltr'><strong><em>ὁρῶμεν</em></strong></span> <span class='ocrx_word' id='word_1_155' title='bbox 543 2608 713 2692; x_wconf 82' lang='grc' dir='ltr'><strong><em>γινόμενα.</em></strong></span> <span class='ocrx_word' id='word_1_156' title='bbox 763 2608 799 2673; x_wconf 91' lang='grc' dir='ltr'><strong><em>οί</em></strong></span> <span class='ocrx_word' id='word_1_157' title='bbox 829 2608 1012 2687; x_wconf 77' lang='grc' dir='ltr'><strong><em>ἀθλοῦντες</em></strong></span> <span class='ocrx_word' id='word_1_158' title='bbox 1037 2621 1173 2695; x_wconf 83' lang='grc' dir='ltr'><strong><em>πρῶτον</em></strong></span> <span class='ocrx_word' id='word_1_159' title='bbox 1189 2630 1215 2670; x_wconf 81' lang='grc' dir='ltr'><strong><em>ω</em></strong></span> 
     </span>
     <span class='ocr_line' id='line_1_22' title="bbox 156 2709 1173 2802; baseline 0.009 -29"><span class='ocrx_word' id='word_1_160' title='bbox 156 2711 331 2791; x_wconf 89' lang='grc' dir='ltr'><strong><em>κρίνουσιν</em></strong></span> <span class='ocrx_word' id='word_1_161' title='bbox 362 2717 450 2790; x_wconf 87' lang='grc' dir='ltr'><strong><em>τίνες</em></strong></span> <span class='ocrx_word' id='word_1_162' title='bbox 480 2709 566 2780; x_wconf 77' lang='grc' dir='ltr'><strong><em>εἶναι</em></strong></span> <span class='ocrx_word' id='word_1_163' title='bbox 598 2712 776 2797; x_wconf 78' lang='grc' dir='ltr'><strong><em>θέλουσιν,</em></strong></span> <span class='ocrx_word' id='word_1_164' title='bbox 811 2709 878 2779; x_wconf 81' lang='grc' dir='ltr'><strong><em>εἶδ’</em></strong></span> <span class='ocrx_word' id='word_1_165' title='bbox 910 2715 1008 2781; x_wconf 83' lang='grc' dir='ltr'><strong><em>οὕτω·</em></strong></span> <span class='ocrx_word' id='word_1_166' title='bbox 1028 2718 1069 2781; x_wconf 80' lang='grc' dir='ltr'><strong><em>τὰ</em></strong></span> <span class='ocrx_word' id='word_1_167' title='bbox 1098 2713 1173 2802; x_wconf 76' lang='grc' dir='ltr'><strong><em>ἑξῆς</em></strong></span> 
     </span>
     <span class='ocr_line' id='line_1_23' title="bbox 154 2820 1173 2908; baseline 0.01 -29"><span class='ocrx_word' id='word_1_168' title='bbox 154 2824 321 2881; x_wconf 87' lang='grc' dir='ltr'><strong><em>ποιοῦσιν.</em></strong></span> <span class='ocrx_word' id='word_1_169' title='bbox 371 2820 402 2882; x_wconf 88' lang='grc' dir='ltr'><strong><em>εί</em></strong></span> <span class='ocrx_word' id='word_1_170' title='bbox 429 2820 683 2905; x_wconf 81' lang='grc' dir='ltr'><strong><em>δολιχοδρόμος,</em></strong></span> <span class='ocrx_word' id='word_1_171' title='bbox 709 2820 844 2905; x_wconf 79' lang='grc' dir='ltr'><strong><em>τοιαύτη</em></strong></span> <span class='ocrx_word' id='word_1_172' title='bbox 872 2823 991 2908; x_wconf 81' lang='grc' dir='ltr'><strong><em>τροφή,</em></strong></span> <span class='ocrx_word' id='word_1_173' title='bbox 1020 2832 1173 2901; x_wconf 85' lang='grc' dir='ltr'><strong><em>τοιοῦτος</em></strong></span> 
     </span>
     <span class='ocr_line' id='line_1_24' title="bbox 154 2922 1172 3013; baseline 0.011 -30"><span class='ocrx_word' id='word_1_174' title='bbox 154 2922 348 3004; x_wconf 87' lang='grc' dir='ltr'><strong><em>περίπατος,</em></strong></span> <span class='ocrx_word' id='word_1_175' title='bbox 371 2923 504 3007; x_wconf 79' lang='grc' dir='ltr'><strong><em>τοιαύτη</em></strong></span> <span class='ocrx_word' id='word_1_176' title='bbox 528 2934 649 3006; x_wconf 76' lang='grc' dir='ltr'><strong><em>τρῖψις,</em></strong></span> <span class='ocrx_word' id='word_1_177' title='bbox 679 2927 814 3011; x_wconf 87' lang='grc' dir='ltr'><strong><em>τοιαύτη</em></strong></span> <span class='ocrx_word' id='word_1_178' title='bbox 838 2932 1017 3013; x_wconf 81' lang='grc' dir='ltr'><strong><em>γυμνασία·</em></strong></span> <span class='ocrx_word' id='word_1_179' title='bbox 1041 2930 1073 2993; x_wconf 89' lang='grc' dir='ltr'><strong><em>εί</em></strong></span> <span class='ocrx_word' id='word_1_180' title='bbox 1095 2945 1172 2994; x_wconf 87' lang='grc' dir='ltr'><strong><em>στα-</em></strong></span> 
     </span>
    </p>
   </div>
   <div class='ocr_carea' id='block_1_6' title="bbox 156 3112 1170 3328">
    <p class='ocr_par' dir='ltr' id='par_1_8' title="bbox 156 3112 1170 3328">
     <span class='ocr_line' id='line_1_25' title="bbox 230 3112 1170 3190; baseline 0.012 -24"><span class='ocrx_word' id='word_1_181' title='bbox 230 3119 295 3180; x_wconf 83' lang='lat' dir='ltr'>lsq.</span> <span class='ocrx_word' id='word_1_182' title='bbox 324 3112 365 3182; x_wconf 51' lang='lat' dir='ltr'><strong><em>M,</em></strong></span> <span class='ocrx_word' id='word_1_183' title='bbox 379 3112 446 3169; x_wconf 77' lang='lat' dir='ltr'><strong>Ant,</strong></span> <span class='ocrx_word' id='word_1_184' title='bbox 463 3119 504 3183; x_wconf 86' lang='lat'><strong><em>11,</em></strong></span> <span class='ocrx_word' id='word_1_185' title='bbox 519 3121 565 3171; x_wconf 77' lang='lat'><strong><em>36:</em></strong></span> <span class='ocrx_word' id='word_1_186' title='bbox 588 3116 698 3189; x_wconf 81' lang='grc' dir='ltr'><strong><em>Ληστὴς</em></strong></span> <span class='ocrx_word' id='word_1_187' title='bbox 720 3116 909 3190; x_wconf 82' lang='grc' dir='ltr'><strong><em>προαιρέσεως</em></strong></span> <span class='ocrx_word' id='word_1_188' title='bbox 930 3121 971 3175; x_wconf 86' lang='grc' dir='ltr'><strong><em>ού·</em></strong></span> <span class='ocrx_word' id='word_1_189' title='bbox 992 3121 1115 3190; x_wconf 69' lang='grc' dir='ltr'><strong><em>γίνεται·</em></strong></span> <span class='ocrx_word' id='word_1_190' title='bbox 1136 3122 1170 3177; x_wconf 87' lang='grc' dir='ltr'><strong><em>τδ</em></strong></span> 
     </span>
     <span class='ocr_line' id='line_1_26' title="bbox 156 3181 398 3252; baseline 0.008 -15"><span class='ocrx_word' id='word_1_191' title='bbox 156 3191 206 3239; x_wconf 82' lang='grc' dir='ltr'><strong><em>τού</em></strong></span> <span class='ocrx_word' id='word_1_192' title='bbox 223 3181 398 3252; x_wconf 75' lang='grc' dir='ltr'><strong><em>Ἐπικτήτου.</em></strong></span> 
     </span>
     <span class='ocr_line' id='line_1_27' title="bbox 229 3256 619 3328; baseline 0.01 -19"><span class='ocrx_word' id='word_1_193' title='bbox 229 3262 261 3310; x_wconf 75' lang='lat'><strong><em>12</em></strong></span> <span class='ocrx_word' id='word_1_194' title='bbox 272 3273 313 3323; x_wconf 81' lang='lat' dir='ltr'><strong><em>sq.</em></strong></span> <span class='ocrx_word' id='word_1_195' title='bbox 332 3257 413 3311; x_wconf 85' lang='lat' dir='ltr'><strong>Hom.</strong></span> <span class='ocrx_word' id='word_1_196' title='bbox 432 3256 464 3311; x_wconf 92' lang='lat'><strong><em>11.</em></strong></span> <span class='ocrx_word' id='word_1_197' title='bbox 482 3261 503 3310; x_wconf 91' lang='grc' dir='ltr'>Ζ</span> <span class='ocrx_word' id='word_1_198' title='bbox 516 3263 567 3313; x_wconf 75' lang='lat'><strong><em>492</em></strong></span> <span class='ocrx_word' id='word_1_199' title='bbox 579 3276 619 3328; x_wconf 81' lang='lat' dir='ltr'><strong><em>sq.</em></strong></span> 
     </span>
    </p>
   </div>
   <div class='ocr_carea' id='block_1_7' title="bbox 158 3431 1170 3576">
    <p class='ocr_par' dir='ltr' id='par_1_9' title="bbox 158 3431 1170 3576">
     <span class='ocr_line' id='line_1_28' title="bbox 227 3431 1170 3506; baseline 0.013 -24"><span class='ocrx_word' id='word_1_200' title='bbox 227 3434 243 3482; x_wconf 79' lang='lat'>3</span> <span class='ocrx_word' id='word_1_201' title='bbox 262 3431 357 3486; x_wconf 79' lang='lat' dir='ltr'><strong><em>malim</em></strong></span> <span class='ocrx_word' id='word_1_202' title='bbox 374 3440 475 3500; x_wconf 81' lang='grc' dir='ltr'><strong><em>τιμῶν;</em></strong></span> <span class='ocrx_word' id='word_1_203' title='bbox 495 3431 600 3506; x_wconf 90' lang='grc' dir='ltr'><strong><em>&lt;ναί&gt;.</em></strong></span> <span class='ocrx_word' id='word_1_204' title='bbox 627 3437 638 3502; x_wconf 80' lang='grc' dir='ltr'><strong><em>ΙΙ</em></strong></span> <span class='ocrx_word' id='word_1_205' title='bbox 664 3441 681 3491; x_wconf 86' lang='grc'>9</span> <span class='ocrx_word' id='word_1_206' title='bbox 701 3452 745 3490; x_wconf 92' lang='grc' dir='ltr'><strong><em>σοι</em></strong></span> <span class='ocrx_word' id='word_1_207' title='bbox 762 3452 788 3492; x_wconf 77' lang='grc' dir='ltr'><strong><em>ει</em></strong></span> <span class='ocrx_word' id='word_1_208' title='bbox 807 3456 852 3491; x_wconf 90' lang='grc' dir='ltr'><strong><em>τοι</em></strong></span> <span class='ocrx_word' id='word_1_209' title='bbox 866 3436 888 3490; x_wconf 83' lang='lat' dir='ltr'><strong><em>S</em></strong></span> <span class='ocrx_word' id='word_1_210' title='bbox 904 3438 973 3503; x_wconf 81' lang='grc' dir='ltr'><strong><em>(κεἐί</em></strong></span> <span class='ocrx_word' id='word_1_211' title='bbox 990 3437 1104 3505; x_wconf 73' lang='lat' dir='ltr'><em>fallor);</em></span> <span class='ocrx_word' id='word_1_212' title='bbox 1118 3455 1170 3493; x_wconf 89' lang='grc' dir='ltr'><strong><em>σου</em></strong></span> 
     </span>
     <span class='ocr_line' id='line_1_29' title="bbox 158 3497 1078 3576; baseline 0.013 -24"><span class='ocrx_word' id='word_1_213' title='bbox 158 3497 256 3554; x_wconf 68' lang='grc' dir='ltr'><strong><em>(ἕστατε</em></strong></span> <span class='ocrx_word' id='word_1_214' title='bbox 287 3501 296 3568; x_wconf 89' lang='grc' dir='ltr'><strong><em>ΙΙ</em></strong></span> <span class='ocrx_word' id='word_1_215' title='bbox 329 3506 362 3555; x_wconf 85' lang='grc'><strong><em>13</em></strong></span> <span class='ocrx_word' id='word_1_216' title='bbox 380 3509 449 3556; x_wconf 84' lang='grc' dir='ltr'><strong><em>πᾶσι</em></strong></span> <span class='ocrx_word' id='word_1_217' title='bbox 468 3505 580 3573; x_wconf 67' lang='grc' dir='ltr'><strong><em>ετνιηιείε</em></strong></span> <span class='ocrx_word' id='word_1_218' title='bbox 599 3506 727 3560; x_wconf 71' lang='grc' dir='ltr'><strong><em>πᾶσινδ</em></strong></span> <span class='ocrx_word' id='word_1_219' title='bbox 755 3508 765 3574; x_wconf 77' lang='lat' dir='ltr'>ss</span> <span class='ocrx_word' id='word_1_220' title='bbox 797 3501 858 3575; x_wconf 80' lang='grc' dir='ltr'><strong><em>έμολ</em></strong></span> <span class='ocrx_word' id='word_1_221' title='bbox 878 3507 909 3562; x_wconf 71' lang='grc' dir='ltr'><strong><em>δὲ</em></strong></span> <span class='ocrx_word' id='word_1_222' title='bbox 928 3507 1078 3576; x_wconf 76' lang='grc' dir='ltr'><strong><em>μάλισταε</em></strong></span> 
     </span>
    </p>
   </div>
   <div class='ocr_carea' id='block_1_8' title="bbox 0 0 1322 3930">
    <p class='ocr_par' dir='ltr' id='par_1_10' title="bbox 0 0 1322 3930">
     <span class='ocr_line' id='line_1_30' title="bbox 0 0 1322 3930; baseline 0 0"><span class='ocrx_word' id='word_1_223' title='bbox 0 0 1322 3930; x_wconf 95' lang='lat' dir='ltr'><strong><em> </em></strong></span> 
     </span>
    </p>
   </div>
  </div>
 </body>
</html>
