2630 3928
157 215 200 280 22
302 216 486 269 ΑΡΡΙΑΝΟΤ
503 215 577 268 ΤΩΝ
595 213 811 267 ΕΠΙΚΤΗΤΟΤ
829 213 1021 265 ΔΙΑΤΡΙΒΩΝ

158 379 391 464 παρακείμενα,
415 373 494 442 οὐδὲ
516 385 618 442 ταῦτα
642 376 739 440 ίκανὰ
757 377 892 458 κινῆσαί
906 396 999 450 τινας
1016 371 1072 438 καλ
1096 375 1167 438 ιλια-

107 501 138 550 11
158 483 275 571 τρέψαι
302 485 384 568 πρὸς
410 485 447 549 τὸ
472 484 560 567 <μὴ>
587 481 760 576 ἀπολιπεῖν
787 484 847 547 τὸν
873 483 1038 565 τεχνίτην;
1068 479 1088 563 ἣ
1117 476 1167 556 ἐξ·

158 591 403 676 ηγησιίσθωσαν
422 590 501 675 ἡμῖν
524 613 555 655 τι
550 591 615 656 ’τὸ
634 598 754 654 ποιοῦν
773 586 901 654 έστιν”
881 604 1019 653 εκαστον
1038 587 1167 652 τούτων

157 698 178 782 ἦ
205 707 274 774 πῶς
301 686 375 763 οἷόν
402 719 435 760 τε
462 697 502 761 τα
530 695 616 762 ούτω
648 695 825 779 θαυμαστὰ
852 689 923 760 καλ
936 693 1067 809 τεχνικα
1096 694 1166 777 είκῇ

157 801 213 869 καὶ
226 792 299 868 ἀπὸ
322 802 527 888 ταύτομάτου
551 805 714 886 γίνεσθαι.
1197 818 1211 859 ε
1247 835 1259 850 2

107 927 139 976 12
229 913 283 981 Τί
296 903 374 988 οὖνς
408 906 458 994 ἐφ’
489 909 583 995 ἡμῶν
610 910 723 994 μόνων
756 909 882 992 γίνεται
913 915 1028 985 ταύτας
1061 906 1168 972 πολλα

159 1013 220 1100 μὲν
183 1013 296 1082 ὲέπλ
319 1011 497 1101 μόνων,
476 1041 524 1081 ων
548 1013 718 1099 ἐξαιρέτως
748 1017 871 1100 χρείαν
884 1009 950 1100 εἶχε
973 1016 1010 1079 τὸ
1033 1014 1206 1098 λογικὸν

161 1126 255 1210 ζῷον,
273 1123 379 1188 πολλα
398 1118 435 1188 δέ
454 1123 550 1188 κοινὰ
569 1122 719 1207 εὑρήσεις
737 1121 816 1204 ἡμίν
834 1118 889 1208 καλ
907 1123 989 1206 πρὸς
1002 1121 1042 1185 τὰ
1055 1120 1170 1216 όίλογα.

110 1246 140 1295 13
160 1223 212 1315 ἆρ’
249 1223 311 1294 οὖν
346 1226 402 1294 καὶ
436 1232 688 1314 παρακολουθεῖ
721 1235 789 1304 τοῖς
825 1205 1013 1312 γινομένοις
1045 1224 1169 1303 έκείνα;

158 1335 239 1400 α’λλο
263 1335 325 1420 γύρ
349 1333 417 1400 ἐστι
439 1343 556 1420 χρῆσις
573 1331 628 1399 καὶ
647 1333 728 1398 ίιλλο
747 1334 1045 1419 παρακολούθυσις.
1089 1330 1171 1397 ἐκεί-
1187 1353 1215 1392 1ο

158 1466 229 1506 νων
255 1445 370 1527 χρείαν
393 1437 521 1526 εἷχενὸ
551 1442 631 1518 θεὸς
657 1438 838 1527 χρωμένων
867 1449 938 1515 ταῖς
964 1441 1170 1523 φαντασίαις,

109 1565 143 1613 14
160 1547 255 1633 ἡμῶν
288 1533 324 1612 δὲ
356 1547 704 1633 παρακολουθούντων
736 1554 775 1630 τῇ
809 1547 932 1631 χρήσει.
985 1546 1041 1610 διὰ
1073 1553 1170 1610 τοῦτο

160 1653 298 1730 ἐκείνοις
325 1649 385 1738 μέν
409 1653 505 1740 όρκεῑ
529 1655 567 1720 τὸ
591 1652 719 1718 ἐσθίειν
742 1650 797 1717 καλ
820 1653 931 1717 πίνειν
954 1648 1009 1716 καλ
1031 1652 1068 1716 τὸ
1083 1648 1171 1714 Ὶόνα-

158 1761 325 1826 παύεσθαι
347 1758 403 1825 καὶ
426 1760 557 1845 ὀχεύειν
580 1756 634 1824 καὶ
657 1753 748 1824 τᾶλλ’
772 1758 834 1824 ὅσα
853 1756 994 1823 ἐπιτελεῖ
1009 1769 1075 1823 τῶν
1094 1755 1172 1822 ἀλό-

160 1890 230 1950 γων
253 1865 404 1950 ἕκαστον,
428 1865 508 1950 ἡμίν
532 1862 578 1948 δ’,
604 1857 654 1942 οἷς
676 1861 730 1929 καὶ
753 1864 814 1947 τὴν
837 1865 1172 1950 παρακολουθυτικὴν
1188 1883 1214 1923 1⁵

110 1989 142 2039 15
163 1973 306 2056 δύναμιν
336 1973 476 2056 ἔδωκεν,
506 1970 616 2037 οὐκέτι
646 1969 735 2038 ταῦτ’
764 1971 918 2057 ἀπαρκεῖ,
949 1967 1029 2035 ἀλλ’.
1053 1969 1095 2034 ίλν
1128 1971 1172 2053 μὴ

160 2080 241 2144 κατὰ
270 2081 394 2165 τρόπον
425 2075 480 2142 καὶ
510 2076 712 2162 τεταγμένως
735 2074 790 2143 καὶ
819 2076 1014 2154 ἀκολούθως
1036 2085 1076 2162 τῇ
1100 2073 1172 2141 ἐκοί-

162 2203 241 2251 στου
276 2185 375 2270 φύσει
409 2182 463 2249 καὶ
500 2193 683 2270 κατασκευῇ
717 2184 930 2270 πράττωμεν,
968 2180 1078 2248 οὐκέτι
1112 2179 1172 2249 τοῦ

110 2312 143 2360 1ο
162 2289 278 2368 τέλους
300 2288 484 2376 τευξόμεθα
506 2301 567 2357 τοῦ
591 2287 726 2356 ἑαυτῶν.
772 2284 820 2355 ὧν
838 2291 901 2374 γὰρ
921 2290 957 2354 αί
975 2287 1173 2356 κατασκευαὶ
1240 2336 1243 2342 -
1305 2335 1306 2376 ,

111 2417 142 2466 17
164 2399 331 2484 διάφοροι,
353 2397 481 2463 τούτων
500 2396 554 2462 καὶ
573 2398 612 2462 τὰ
631 2399 711 2481 ἔργα
729 2394 784 2462 καλ
803 2397 842 2460 τὰ
865 2394 950 2480 τέλη.
996 2391 1038 2462 οὗ
1057 2399 1173 2460 τοίνυν
1189 2417 1215 2456 εο

163 2504 183 2588 ἡ
207 2505 389 2589 κατασκευὴ
413 2505 518 2591 μόνον
539 2506 708 2590 χρηστική,
731 2504 836 2590 τούτῳ
851 2500 1004 2590 χρῆσθαι
1019 2503 1175 2593 ὁπωσοῦν

165 2611 315 2697 ἀπαρκεῖ·
340 2605 381 2676 οὗ
401 2606 437 2674 δέ
456 2608 512 2676 καλ
529 2610 841 2696 παρακολονθητικὴ
860 2617 899 2694 τῇ
919 2611 1045 2696 χρήσει,
1068 2609 1174 2697 τούτῳ

162 2719 200 2783 τὸ
227 2718 308 2782 κατὰ
335 2703 461 2802 τρόπον
488 2716 530 2796 ἂν
557 2717 601 2801 μὴ
629 2725 736 2803 προσῇ
764 2714 922 2782 οὐδέποτε
946 2714 1091 2794 τεύξεται
1114 2722 1175 2781 τοῦ

85 2863 88 2870 =
113 2821 145 2892 18
164 2821 287 2901 τέλους,
332 2826 368 2887 τί
387 2817 463 2902 οὖν;
489 2823 626 2890 ἐκείνων
645 2823 783 2888 ἕκαστον
806 2822 1035 2902 κατασκευάζει
1058 2823 1095 2888 τὸ
1115 2818 1176 2906 μὲν

166 2925 241 2996 ὥστ’
270 2928 460 3014 ἐσθίεσθαι,
486 2932 524 2997 τὸ
552 2919 596 2995 δ”
615 2931 696 2997 ὥστε
724 2929 899 3016 ὑπηρετεῖν
927 2932 974 3008 είς
1001 2932 1177 3014 γεωργίαν,
1192 2955 1218 2996 ετ

166 3038 204 3102 τὸ
227 3033 258 3101 δ’
285 3036 366 3102 ὥστε
390 3039 492 3122 τυρὸν
517 3035 647 3122 φέρειν,
674 3039 711 3102 τὸ
736 3032 766 3101 δ’
794 3038 875 3104 ἄλλο
899 3033 949 3101 ἐπ’
976 3037 1060 3122 ίίλλχ
1084 3040 1179 3122 χρεία

165 3145 393 3232 παραπλησίῳ,
416 3144 499 3229 πρὸς
518 3142 538 3208 ἃ
557 3147 606 3220 τίς
626 3147 718 3228 χρεία
737 3153 797 3209 τοῦ
821 3148 1090 3229 παρακολουθεῖν
1108 3153 1179 3219 ταῖς

162 3289 376 3296 -α--α

234 3379 249 3426 2
270 3371 350 3444 <μὴ>
368 3389 418 3427 om.
438 3371 470 3426 S:
490 3373 554 3426 add.
569 3371 597 3432 S
616 3371 687 3427 St.ob
716 3373 725 3440 Η
752 3371 917 3426 ἀπολείπειν
937 3371 1009 3426 stab.
1042 3373 1052 3438 ΙΙ
1080 3370 1179 3426 δεού-

162 3464 217 3498 των
237 3441 354 3498 εκαστον
368 3443 441 3504 Stob.
464 3445 473 3512 ΙΙ
495 3448 513 3496 4
526 3450 585 3506 πως
599 3444 707 3497 οίονται
721 3441 756 3496 τὰ
771 3440 857 3504 οὕτως
871 3442 944 3498 Stob
967 3444 977 3510 ΙΙ
1000 3447 1016 3495 5
1030 3449 1079 3497 τον
1095 3443 1179 3496 αύτο-

163 3513 262 3599 pdvov·
271 3514 342 3570 stab.
383 3517 393 3585 ΙΙ
434 3515 584 3584 γίγνεσθαι
603 3513 676 3570 Stob.
717 3515 727 3583 ss
770 3519 802 3566 14
821 3521 876 3567 τῶν
895 3514 946 3570 ἀτί.
965 3530 978 3567 s
1019 3518 1028 3582 λΙ
1068 3511 1197 3581 ἀλόγων

164 3587 275 3656 scripsi:
299 3585 434 3642 αὐτῶνθ
542 3615 544 3621 ,
