2636 3930
127 209 187 266 (111,
201 215 234 265 ει,
249 210 338 262 ττ-οο)
445 203 598 255 ΒΙΒΛΙΟΝ
616 203 756 265 ΤΡΙΤΟΝ.
776 203 832 274 νβ’.
1076 201 1142 267 2λ3

196 361 403 446 Πυθομένου
422 359 459 427 δὲ
478 372 538 429 τοῦ
557 367 746 447 νεανίσκου,
765 366 795 428 εί
806 366 952 447 νοσήσας
970 363 1143 444 ἀξιοῦντος
1163 381 1197 430 62

126 473 230 554 φίλου
248 471 331 553 πρὸς
349 468 452 535 αὐτὸν
470 468 585 535 ἐλθεῖν
605 470 688 534 ὥστε
708 479 980 556 νοσοκομηθήναι
998 472 1144 538 ὑπακού-

127 594 191 659 σει,
214 579 291 641 Ποῦ
314 571 352 640 δὲ
374 578 476 660 φίλου
494 599 551 660 μοι
570 577 688 654 δώσεις
707 580 871 663 Κυνικοῦ;
895 581 967 663 ἔφη.
1009 581 1063 644 δεῖ
1079 579 1143 663 γάρ
1162 593 1196 643 63

127 682 233 747 αὐτὸν
256 683 359 748 άλλον
382 677 468 748 εἶναι
491 693 663 768 τοιοῦτον,
690 680 733 748 ἵν’
763 683 854 762 άξιος
877 678 898 771 ᾖ
920 690 1019 770 φίλος
1041 685 1144 752 αὐτοῦ

99 787 359 873 εάριθμεῖσθαι.
404 791 570 855 κοινωνὸν
593 789 696 854 αὐτὸν
714 783 801 854 εἶναι
820 791 874 854 δεῖ
894 800 954 857 τοῦ
975 795 1144 877 σκήπτρου

127 893 183 960 καὶ
202 902 260 978 τής
278 898 447 980 βασιλείας
465 891 519 959 καὶ
539 895 698 962 διάκονον
719 893 825 979 άξιον,
847 897 879 961 εί
897 895 1008 981 μέλλει
1030 901 1145 981 φιλίας

128 998 396 1086 ἀξιωθήσεσθαι,
426 1002 471 1078 ὡς
493 999 659 1086 Διογένης
677 998 912 1079 Ἀντισθένους
936 1001 1077 1087 ἐγένετο,
1100 1004 1145 1080 ὡς

128 1107 262 1194 Κράτης
284 1105 478 1192 Διογένους.
525 1108 545 1192 ή
570 1109 664 1173 δοκεῖ
681 1126 745 1192 σοι,
769 1108 820 1173 ὅτι
843 1107 886 1174 άν
904 1111 1033 1195 χαίρειν
1051 1108 1140 1198 αὐτῷ
1161 1125 1196 1174 64

126 1212 208 1300 λέγη
227 1216 503 1299 προσερχόμενος,
521 1216 619 1298 φίλος
637 1211 726 1280 ἐστὶν
745 1214 849 1281 αὐτοῦ
869 1215 1021 1293 κάκεῖνος
1040 1215 1142 1281 αὐτὸν

84 1339 112 1380 10
126 1320 221 1399 άξιου
243 1321 399 1404 ἡγήσεται
418 1329 477 1385 τοῦ
495 1321 578 1405 πρὸς
601 1320 703 1386 αὐτὸν
722 1322 901 1400 είσελθεῖν;
926 1323 1008 1388 ὥστε
1028 1322 1069 1388 άυ
1088 1339 1142 1388 σοι
1161 1337 1195 1386 66

126 1428 209 1512 δοκῇ
227 1424 282 1491 καί
302 1425 498 1510 ἐνθυμηθής
516 1448 547 1490 τι
565 1434 731 1510 τοιοῦτον,
749 1429 891 1512 κοπρίαν
909 1433 1037 1512 μᾶλλον
1050 1450 1142 1513 περι-

124 1530 250 1617 βλέπου
273 1532 416 1617 κομψήν,
440 1529 477 1595 έν
500 1523 521 1615 ᾗ
544 1527 706 1615 παρέξεις,
731 1530 985 1598 άποσκέπουσαν
1003 1536 1062 1599 τὸν
1085 1538 1142 1618 βο-

125 1637 217 1725 ρέαν,
240 1639 296 1704 ἵνα
319 1639 363 1722 μή
386 1645 581 1723 περιήυγήγς.
622 1639 664 1702 σὺ
688 1635 728 1701 δέ
748 1660 805 1721 μοι
828 1639 937 1716 δοκεῖς
957 1637 1073 1705 θέλειν
1092 1641 1140 1717 είς
1159 1655 1192 1704 66

125 1740 220 1811 οἶκόν
242 1767 332 1820 τινος
355 1741 513 1808 ἀπελθὼν
531 1742 587 1807 διδ
609 1744 735 1828 χρόνον
757 1749 993 1828 χορτασθῆναι.
1026 1748 1061 1808 τί
1078 1739 1140 1809 οὖν

84 1869 109 1910 1⁵
125 1868 179 1918 σοι
202 1848 258 1915 καὶ
281 1848 458 1934 ἐπιχειρεῖν
480 1847 647 1933 πράγματι
670 1850 868 1939 τηλικούτφ;

192 1956 303 2041 Γάμος
335 1953 381 2038 δ’,
412 1957 493 2040 ἔφη,
524 1951 580 2020 καὶ
607 1941 723 2032 παῖδες
749 1953 1007 2043 προηγουμένως
1036 1977 1140 2041 παρα·
1159 1972 1194 2022 67

123 2064 357 2148 ληφθήσονται
384 2061 449 2127 ὑπὸ
475 2070 536 2126 τοῦ
565 2064 730 2140 Κυνικοῦ;
761 2099 803 2108 -
828 2061 890 2128 ’Ἁν
922 2088 979 2147 μοι
1011 2075 1137 2148 σοφῶν,

122 2172 203 2255 ἔφη,
231 2170 297 2256 δῷς
323 2170 439 2250 πόλιν,
468 2167 550 2251 τάχα
577 2163 639 2250 μὲν
667 2165 740 2234 οὐδ’
765 2167 836 2251 λήξει
863 2192 913 2246 τις
940 2170 1063 2257 ῥᾳδίας
1086 2168 1139 2236 ἐπὶ

122 2279 160 2342 τδ
183 2277 338 2352 κυνίζειν.
383 2275 485 2338 τίνων
504 2273 567 2355 γάρ
591 2271 686 2337 ἕνεκα
710 2272 909 2358 ἀναδέξηται
931 2275 1055 2359 ταύτην
1078 2276 1139 2358 τήν

84 2401 110 2440 ιο
125 2380 347 2464 διεξαγαγήνς
376 2377 465 2463 ὅμως
492 2373 522 2441 δ’
550 2375 592 2442 άν
619 2377 844 2462 ὑποθώμεθα,
872 2375 971 2442 οὐδὲν
998 2381 1140 2445 κωλύσει
1159 2397 1195 2447 66

122 2486 177 2553 καὶ
208 2494 310 2570 γήμαι
342 2484 445 2550 αὐτὸν
476 2481 532 2548 καὶ
563 2483 880 2567 παιδοποιήσασθαι.
934 2481 989 2548 καὶ
1022 2485 1085 2568 γὰρ
1117 2484 1138 2567 ή

122 2594 210 2677 γυνή
234 2592 338 2657 αὐτοῦ
362 2593 452 2656 ἔσται
476 2580 559 2673 άλλη
582 2590 716 2674 τοιαύτη
740 2587 796 2654 καὶ
819 2589 837 2655 ὁ
857 2590 1021 2674 πενθερὸς
1038 2591 1137 2667 άλλος

122 2707 273 2774 τοιοῦτος
303 2695 358 2763 καὶ
390 2697 429 2762 τά
458 2696 576 2760 παιδία
609 2695 713 2772 οὕτως
744 2694 1017 2780 ἀνατραφήσεται.
1068 2719 1135 2761 τοι·
1155 2714 1188 2764 69

122 2806 224 2889 αύτης
252 2800 283 2868 δ’
315 2803 418 2886 οδσης
444 2800 686 2883 καταστάσεως,
716 2803 770 2867 οἵα
797 2810 862 2868 νῦν
890 2800 997 2886 ἐστιν,
1026 2802 1072 2878 ὡς
1099 2801 1137 2868 έν
1231 2887 1236 2896 .

81 2937 106 2978 ιτ
120 2910 311 2997 παρατάξει,
329 2912 373 2994 μή
392 2905 464 2974 ποτ’
482 2907 727 2993 ἀπερίσπαστον
741 2903 828 2973 εἶναι
844 2910 895 2973 δεῖ
912 2909 972 2973 τὸν
986 2911 1136 2974 Κυνικὸν

120 3017 201 3084 ὅλον
230 3019 313 3102 πρὸς
339 3023 378 3101 τῇ
407 3017 560 3101 διακονία
587 3024 647 3080 τοῦ
669 3020 770 3097 θεοῦ,
801 3012 975 3098 έπιφοιτῖιν
1003 3013 1136 3101 ἀνθρά-

119 3144 195 3201 ποις
218 3122 424 3207 δυνάμενον,
454 3121 494 3187 οὐ
522 3117 789 3204 προσδεδεμένον
812 3122 1020 3204 καθήκουσιν
1044 3122 1135 3185 ίδιω-

191 3348 351 3406 3Κννικόν
375 3349 409 3404 S:
431 3365 500 3404 corr.
520 3348 684 3404 Μτίδοκιίνε
724 3350 734 3416 ΙΙ
774 3343 829 3472 ἕφχ
853 3349 905 3402 ι’κε.
930 3347 1002 3401 Sm.
1022 3364 1066 3417 γε.
1091 3349 1135 3412 (αῖ

119 3422 188 3489 vid.)
221 3425 226 3484 1
262 3427 293 3475 11
310 3416 478 3490 ένθυμηθής
491 3439 518 3473 τι
536 3427 663 3474 τοιοῦτον
681 3421 792 3488 scripsi:
827 3415 993 3487 νθνμήθητι
1005 3424 1133 3472 τοιοῦτον

118 3491 153 3559 8,·
180 3487 362 3562 ἐνθυμήθητι
379 3490 448 3564 <τι>
466 3499 593 3546 τοιοῦτον
613 3491 711 3547 Corace
745 3491 755 3559 ΙΙ
792 3495 825 3543 12
844 3496 900 3558 πῦρ
924 3485 995 3554 ἕξεις
1013 3488 1045 3544 S.-
1063 3504 1133 3545 corr.

118 3579 131 3619 ε
162 3565 172 3634 fl
206 3568 238 3617 18
256 3562 389 3633 *τάχαῧ
417 3565 427 3632 [Ι
460 3568 492 3617 19
510 3560 683 3632 ἀναδέξηται
700 3563 812 3631 scripsi:
831 3557 867 3614 ἂν
886 3557 1041 3627 δέξηταιδ

171 3662 316 3703 Εειυτιιευε.
941 3652 973 3701 18
