2630 3928
159 203 203 268 22
305 204 488 258 APPIANOT
505 203 580 258 ΤΩΝ
597 201 813 256 ΕΠΙΚΤΗΤΟΤ
830 203 1023 255 ΔΙΑΤΡῙΒΩΝ

160 369 394 452 παρακείμενα,
417 362 496 432 οὐδὲ
518 374 620 431 ταῦτα
644 365 741 430 ίκανά
759 367 894 448 κινῆσαί
908 386 1001 440 τινας
1018 361 1074 428 καὶ
1098 363 1170 426 θια-
1281 435 1285 444 ,

109 488 144 545 11Ι
160 471 278 559 τρέψαι
304 474 386 558 πρὸς
413 475 449 538 τὸ
474 472 562 557 <μὴ>
589 470 763 566 ἀπολιπεῖν
789 474 848 537 τὸν
875 473 1040 554 τεχνίτην;
1070 469 1090 552 ἢ
1120 466 1169 546 ἐξ·

150 579 405 670 ηγησύσθωσαν
424 579 504 664 ἡμῖν
526 581 561 644 τί
579 581 617 644 τὸ
636 587 756 644 ποιοῦν
775 576 903 644 ἐστιν”
883 594 1021 642 εκαστον
1040 576 1169 642 τούτων

160 686 180 770 ἣ
207 695 276 763 πῶς
303 675 376 752 οἷόν
404 708 437 750 τε
464 686 504 750 τὰ
532 684 618 751 οὕτω
650 685 827 767 θαυμαστὰ
854 678 925 750 καί
937 683 1077 800 τεχνικα
1098 684 1168 767 είκῇ

159 780 235 858 καί
237 791 300 857 ιἰπὸ
323 791 529 876 ταύτομάτου
552 794 716 875 γίνεσθαι.
1198 808 1212 849 5
1245 823 1256 840 -ι

108 915 140 963 12
231 901 285 970 Τί
298 893 376 977 οὖν;
409 896 459 983 ἐφ’
490 898 584 982 ἡμῶν
611 900 725 982 μόνων
758 899 884 980 γίνεται
915 905 1030 974 ταύτα;
1063 896 1170 961 πολλὰ

160 1001 221 1089 μὲν
245 1002 297 1070 ἐπὶ
320 999 499 1090 μόνων,
478 1029 525 1070 ων
549 1002 720 1087 ἐξαιρέτως
749 1007 872 1090 χρείαν,
886 998 951 1089 εἶχε
972 999 1011 1069 Ιτὸ
1035 1005 1171 1086 λογικὸν
1205 1085 1207 1088 Ι

163 1114 256 1199 ζῷον,
274 1112 380 1176 πολλὰ
400 1108 437 1176 δὲ
455 1111 551 1176 κοινὰ
571 1111 720 1196 εὑρήσεις
738 1110 818 1194 ἡμῖν
836 1108 891 1175 καί
909 1112 990 1196 πρὸς
1004 1110 1172 1205 τὰόίλογα.

110 1234 142 1283 13
162 1211 214 1303 ἆρ’
250 1212 313 1306 οὖν
347 1215 403 1283 καὶ
438 1222 689 1301 παρακολουθεῖ
722 1225 791 1294 τοῖς
826 1215 1014 1301 γινομένοις
1047 1213 1171 1294 ἐκεῖνος

160 1324 241 1388 ἄλλο
264 1323 326 1408 γοίρ
351 1322 419 1389 ἐστι
441 1332 557 1409 χρῆσις
574 1321 629 1388 καὶ
649 1324 730 1388 ἄλλο
748 1323 1047 1408 παρακολούθησις.
1091 1320 1172 1387 ἐκεί-
1189 1343 1216 1382 ιο

160 1453 230 1495 νων
257 1432 371 1515 χρείαν
394 1425 523 1516 είχενὸ
553 1432 633 1506 θεὸς
659 1428 839 1516 χρωμένων
868 1439 939 1506 ταῖς
965 1431 1172 1514 φαντασίαις,
1296 1410 1302 1435 '

111 1552 144 1601 14
162 1534 257 1620 ἡμῶν
289 1522 326 1600 δέ
358 1537 705 1622 παρακολουθούντων
738 1544 776 1620 τῇ
811 1537 933 1620 χρήσει.
987 1535 1042 1600 διὰ
1074 1544 1172 1600 τοῦτο

162 1641 299 1718 ἐκείνοις
327 1639 388 1726 μέν
411 1642 507 1729 ἀρκεῖ
531 1645 568 1708 τὸ
592 1641 721 1708 ἐσθίειν
744 1639 799 1706 καὶ
822 1644 932 1706 πίνειν
954 1639 1010 1707 καὶ
1032 1643 1069 1706 τὸ
1094 1640 1173 1705 ἀνα-

160 1749 327 1815 παύεσθαι
349 1747 404 1814 καὶ
428 1749 559 1834 ὀχεύειν
581 1745 636 1814 καί
659 1742 749 1813 τᾶλλ’
773 1747 835 1813 ὅσα
855 1746 995 1813 ἐπιτελεῖ
1010 1758 1077 1813 τῶν
1096 1746 1174 1812 ἀλό-

160 1879 231 1938 γων
254 1854 406 1938 ἕκαστον,
429 1854 509 1939 ἡμῖν
533 1851 580 1937 θ’,
605 1845 655 1930 οἷς
677 1851 732 1920 καὶ
754 1854 816 1936 τὴν
839 1855 1173 1940 παρακολουθητικὴν
1190 1873 1216 1914 ιε

110 1977 143 2027 15
164 1962 307 2044 δύναμιν
337 1961 477 2044 ἔδωκεν,
507 1959 617 2026 οὐκέτι
647 1959 736 2027 ταῦτ’
765 1960 919 2046 ἀπαρκεῖ,
950 1957 1030 2026 ἀλλ’Ι
1055 1959 1096 2025 ἂν
1129 1961 1173 2044 μὴ

161 2069 243 2132 κατὰ
271 2070 396 2153 τρόπον
426 2063 481 2131 καὶ
511 2064 713 2150 τεταγμένως
736 2064 791 2132 καὶ
821 2066 1015 2144 ἀκολούθως
1038 2076 1077 2152 τῇ
1101 2064 1173 2131 ἑκά-

163 2191 242 2239 στου
277 2173 376 2257 φύσει
410 2171 464 2238 καὶ
501 2183 684 2259 κατασκευῇ
719 2174 931 2259 πράττωμεν,
970 2171 1080 2239 οὐκέτι
1114 2171 1174 2240 τοῦ

111 2298 144 2348 1ο
163 2278 279 2357 τέλους
301 2277 484 2364 τευξόμεθα
506 2290 568 2346 τοῦ
592 2277 727 2345 ἑαυτῶν.
773 2274 821 2345 ὧν
839 2281 902 2366 γὰρ
922 2280 959 2344 αί
976 2279 1174 2346 κατασκευαὶ
1240 2327 1243 2332 -

112 2403 143 2454 17
165 2387 331 2472 διάφοροι,
354 2387 482 2452 τούτων
500 2384 613 2453 καὶτὰ
632 2389 712 2470 ἔργα
730 2383 785 2451 καί
804 2388 843 2451 τὰ
865 2384 951 2470 τέλη.
998 2381 1039 2452 οὗ
1057 2389 1174 2452 τοίνυν
1190 2408 1218 2446 ει

163 2492 184 2576 ἡ
207 2494 389 2577 κατασκευὴ
414 2495 519 2581 μόνον
540 2497 709 2579 χρηστική,
732 2493 837 2581 τούτῳ
852 2490 1005 2579 χρῆσθαι
1020 2493 1176 2584 ὁπωσοῦν

165 2600 316 2687 ἀπαρκεῖ·
340 2595 381 2665 οὗ
401 2596 438 2664 δὲ
457 2598 512 2665 καὶ
531 2601 842 2684 παρακολουθητικὴ
861 2608 899 2684 τῇ
920 2601 1046 2686 χρήσει,
1069 2600 1176 2687 τούτῳ

163 2709 201 2772 τὸ
228 2707 309 2771 κατὰ
335 2693 461 2790 τρόπον
489 2706 531 2786 ἂν
558 2706 602 2792 μὴ
630 2714 737 2791 προσῇ
765 2704 923 2772 οὐδέποτε
947 2705 1092 2784 τεύξεται
1115 2714 1176 2772 τοῦ

86 2852 89 2858 ,
113 2809 146 2880 18
164 2810 288 2889 τέλους,
333 2816 368 2876 τί
388 2807 464 2891 οὖν;
490 2811 626 2879 ἐκείνων
646 2812 784 2878 ἕκαστον
807 2813 1036 2892 κατασκευάζει
1059 2810 1177 2896 τὸμὲν

166 2913 242 2984 ὥστ’
270 2917 460 3002 ἐσθίεσθαι,
487 2922 525 2985 τὸ
553 2908 596 2984 δ”
615 2921 698 2985 ὥστε
726 2919 900 3004 ὑπηρετεῖν
927 2922 974 2997 είς
1002 2922 1178 3005 γεωργίαν,
1193 2946 1220 2988 τε

166 3026 204 3090 τὸ
229 3021 259 3089 θ’
286 3024 367 3089 ὥστε
391 3028 493 3111 τυρὸν
518 3023 647 3112 φέρειν,
675 3028 712 3092 τὸ
737 3023 766 3091 θ’
795 3027 875 3094 ἄλλο
900 3024 949 3092 ἐπ’
977 3027 1061 3112 ἄλλῃ
1084 3030 1179 3112 χρείᾳ
1292 3055 1297 3063 ·

166 3135 394 3220 παραπλησίω,
417 3133 499 3218 πρὸς
519 3131 539 3198 ἃ
557 3135 606 3209 τίς
626 3137 719 3218 χρεία
738 3142 798 3198 τοῦ
822 3137 1091 3218 παρακολουθεῖν
1108 3143 1180 3210 ταῖς

234 3359 350 3450 2<μὴ>
368 3377 419 3415 om.
439 3360 471 3415 S:
491 3361 554 3416 add.
570 3360 598 3422 S
617 3361 688 3416 Stob
716 3363 725 3430 ΙΙ
753 3361 918 3416 ἀπολείπειν
937 3361 1010 3416 Stob.
1043 3363 1052 3428 ΙΙ
1080 3360 1179 3416 θεού-

163 3451 218 3486 των
238 3429 354 3486 ἕκαστον
369 3431 441 3492 Stob.
464 3434 474 3501 ΙΙ
496 3438 513 3484 4
527 3440 585 3494 κως
599 3434 708 3487 οίονται
721 3430 757 3486 τὰ
771 3431 857 3495 οὕτως
871 3433 944 3488 Stob.
967 3434 977 3500 n
1000 3436 1080 3486 ότοῦ
1095 3433 1179 3486 αύτο-

164 3501 252 3572 μύτον
271 3502 343 3558 Stob.
384 3505 394 3574 ΙΙ
434 3505 585 3573 γίγνεσθαι
603 3503 676 3559 Stob.
718 3505 727 3572 ΙΙ
770 3508 803 3557 14
821 3511 876 3558 τῶν
895 3504 946 3559 del.
965 3520 978 3557 s
1019 3508 1028 3572 ΙΙ
1068 3501 1178 3572 ἀλόγων

164 3576 276 3645 scripsi:
300 3574 435 3630 αίτῶνθ
542 3605 544 3610 -
