2636 3930
110 201 168 256 (111,
184 205 216 254 ει,
231 205 316 255 ει-ει,
331 200 353 250 5)
388 193 540 244 ΒΙΒΛΙΟΝ
559 193 698 245 ΤΡΙΤΟΝ.
727 192 783 261 κγ’.
807 192 864 248 κδ’.
1062 192 1125 256 287

111 354 312 436 φιλόσοφος·
336 350 446 418 οὐκέτι
469 353 524 418 δεῖ
544 363 646 418 ταῦτα
668 355 802 433 ποιεῖν’;
828 353 902 441 οὐχὶ
925 353 956 420 δ’
984 355 1027 420 δν
1052 358 1127 421 λίαν
1147 370 1181 420 38

111 459 308 543 εὐδοκιμῇς,
335 457 423 542 λέγει
446 463 529 545 πρός
551 484 626 525 τινα
650 460 796 544 εκομψῶς
823 463 966 546 ἔφρασεν
989 463 1029 527 τδι
1052 461 1127 547 περὶ

111 565 172 628 τὸν
197 562 349 650 Ξέρξην,
371 566 471 642 ἀλλος
493 565 561 632 ‘OS‘
584 566 667 633 ἀλλὰ
687 568 748 650 τὴν
768 563 820 631 ἐπὶ
844 568 974 646 Πύλαις
996 569 1126 653 μάχην’.

110 673 212 737 τοῦτό
236 669 325 736 ἐστιν
349 670 504 757 ἀκρόασις
526 676 731 756 φιλοσόφου;

86 1117 98 1154 ι
183 1095 250 1161 κδ’.
287 1094 385 1181 Περί
409 1106 478 1162 τοῦ
500 1098 549 1180 μὴ
574 1098 658 1162 δείν
681 1097 951 1183 προσπάσχειν
975 1108 1057 1174 τοῖς

481 1202 551 1268 οὐκ
579 1200 634 1287 ἐφ’
661 1202 764 1288 ἡμῖν.

187 1346 231 1409 Τὸ
260 1344 364 1408 ἀλίου
386 1344 475 1428 παρὰ
497 1345 602 1428 φύσιν
626 1343 677 1410 σοὶ
701 1348 804 1411 κακὸν
826 1348 871 1431 μὴ
895 1345 1058 1430 γενέσθω·
1088 1347 1129 1412 οὐ
1150 1363 1163 1411 1

113 1450 178 1534 χάρ
203 1457 507 1515 συνταπεινοῦσδαι
529 1448 677 1533 πέφυκας
701 1448 779 1516 οὐδὲ
802 1465 1016 1537 συνατυχεῖν,
1045 1451 1129 1519 ἀλλὰ

114 1566 342 1640 συνευτυχεῑν.
388 1555 430 1621 διν
454 1554 494 1620 δέ
513 1579 563 1632 τις
585 1554 700 1641 ἀτυχῇ,
723 1557 871 1641 μέμνησο
895 1559 946 1623 ὅτι
969 1555 1044 1643 παρ’
1069 1560 1162 1624 ατί-2

75 1683 99 1721 10
114 1664 174 1728 τὸν
203 1661 324 1748 ἀτυχεῖ.
375 1663 393 1729 ὁ
422 1664 484 1746 γὰρ
512 1663 592 1739 θεὸς
618 1663 743 1740 πάντας
774 1662 974 1748 ἀνθρώπους
1006 1663 1059 1729 ἐπὶ
1093 1667 1128 1729 τὸ

115 1767 344 1854 εὐδαιμονεῖν,
374 1767 426 1833 ἐπὶ
453 1772 491 1836 τὸ
515 1768 693 1835 εὐσταθεῖν
716 1769 880 1853 ἐποίησεν.
924 1773 1007 1854 πρὸς
1029 1780 1128 1836 τοῦτο
1148 1786 1163 1833 3

116 1874 268 1961 ἀφορμὰς
282 1877 427 1960 Ιἔδωκεν,
449 1876 489 1939 τὰ
512 1871 573 1960 μὲν
597 1875 666 1940 ίδια
690 1877 770 1952 δοὺς
793 1871 931 1963 ἑκάστῳ,
953 1876 993 1940 τδι
1018 1871 1047 1940 δ’
1074 1874 1129 1941 ἀί.-

116 1984 243 2068 ίότρια·
274 1983 314 2046 τὰ
341 1979 402 2067 μὲν
429 1983 560 2048 κωλυτδ
587 1981 642 2047 καὶ
670 1981 831 2067 ἀφαιρετδι
858 1980 913 2047 καί
941 1982 1129 2065 ἀναγκαστοὶ

116 2088 177 2153 οὐκ
202 2090 281 2170 ίδια,
305 2089 345 2152 τὰ
365 2083 396 2153 δ’
419 2088 569 2153 ἀκόιίυτα
591 2089 672 2154 ίδια·
696 2091 758 2173 τὴν
782 2086 811 2153 δ’
836 2087 954 2154 οὐσίαν
971 2097 1032 2154 τοῦ
1051 2089 1130 2173 ἀχα-

75 2210 102 2251 15
116 2201 184 2260 δοῦ
211 2192 267 2259 καὶ
293 2203 353 2259 τοῦ
381 2202 500 2277 κακοῦ,
530 2193 638 2278 ὥσπερ
666 2191 710 2278 ἦν
736 2192 830 2272 ἀξιον
856 2196 916 2259 τὸν
943 2196 1129 2280 κηδόμενον

116 2301 211 2384 ἡμῶν
229 2298 284 2365 καὶ
302 2311 467 2381 πατρικῶς
484 2301 739 2385 προϊστάμενον,
759 2300 795 2366 ἐν
814 2311 884 2377 τοῖς
903 2302 1010 2378 ίδίοις.
1044 2300 1127 2367 ‘cm'
1149 2318 1166 2365 4

117 2406 352 2492 ἀποκεχώρηκα
374 2416 435 2473 τοῦ
458 2408 568 2484 δεῖνος
589 2404 643 2472 καί
667 2406 848 2472 ὀδυνᾶται.’
886 2407 941 2471 διδι
958 2411 994 2472 τί
1009 2409 1072 2495 γὰρ
1090 2409 1130 2472 τὰ

117 2513 275 2597 ἀλλότρια
299 2514 368 2577 ίδια
385 2513 545 2597 ἡχήσατο;
570 2514 625 2578 διδι
643 2516 686 2597 τί,
708 2512 762 2578 ὅτε
784 2530 820 2578 σε
839 2510 970 2597 βλέπων
989 2515 1130 2598 ἔχαιρεν,

118 2618 180 2686 οὐκ
204 2618 418 2704 ἀπελογίζετο,
441 2621 491 2686 ότι
514 2621 638 2703 θνητὸς
660 2614 700 2703 εί,
723 2618 967 2704 ἀποδημητικὸς
989 2614 1033 2698 εί;
1063 2642 1131 2684 τοι-

76 2741 103 2779 2⁰
118 2735 245 2811 χαροῦν
277 2730 361 2792 τίνει
393 2728 486 2804 δίκας
517 2735 575 2810 τῆς
601 2726 705 2792 αὑτοῦ
732 2729 866 2810 μωρίας.
917 2728 958 2790 σὺ
992 2722 1022 2790 δ’
1056 2723 1165 2790 ἀντίό

117 2835 221 2915 τίνος,
244 2830 296 2896 ἐπὶ
319 2836 354 2897 τί
374 2833 483 2910 κίάεις
507 2835 662 2911 σεαυτόνς
685 2830 705 2915 ἣ
730 2828 809 2897 οὐδὲ
833 2835 874 2897 σὺ
898 2841 1000 2898 ταῦτα
1023 2830 1131 2915 ἐμελί-

118 2957 237 3023 τιχσας,
263 2935 335 3004 ἀλλ’
364 2940 408 3016 ὡς
429 2940 469 3004 τδι
492 2940 613 3022 γύναια
635 2939 675 3003 τὰ
699 2938 838 3016 οὐδενὸς
861 2937 935 3016 ἀξια
956 2947 1059 3003 πᾶσιν
1083 2929 1132 3015 οἷς

119 3047 246 3130 ἔχαιρες
274 3045 318 3121 ὡς
344 3042 396 3110 ἀεὶ
419 3048 640 3129 συνεσόμενος
668 3054 785 3128 συνῆς,
811 3056 881 3120 τοῖς
907 3047 1035 3129 τόποις,
1063 3056 1132 3120 τοῖς

191 3243 278 3306 bsqq.
297 3236 332 3292 ef.
351 3236 464 3292 omnino
483 3237 569 3292 Ench.
590 3243 630 3292 16.

191 3420 344 3468 9ουνεοτυ
363 3419 405 3469 εἴν
424 3415 446 3470 S
463 3415 522 3484 (sed
539 3431 623 3469 ουνευ
643 3413 737 3474 aS
725 3431 758 3468 ιιι
775 3417 843 3481 τοι.)
868 3413 878 3481 ΙΙ
906 3411 1043 3467 αὐτὸνδ·
1062 3428 1132 3468 σοιν.

118 3503 132 3542 ε
163 3487 172 3556 ΙΙ
205 3491 238 3540 18
258 3487 318 3540 ίδια
336 3486 459 3555 ηχήσατο
477 3486 523 3548 διε
542 3484 735 3554 διηνήσατοδ
763 3486 772 3553 ΙΙ
804 3490 838 3538 20
857 3482 991 3538 αάτοῦῧε
1009 3499 1078 3538 corr.
1093 3499 1106 3538 ε
1125 3485 1133 3552 Ι)

120 3563 152 3611 21
173 3559 262 3622 τίνας
282 3552 343 3611 ἐπεὶ
362 3557 513 3614 Salmasius
544 3559 554 3625 n
585 3561 618 3611 23
639 3552 747 3612 οιίείδε
765 3571 833 3611 σοιν.
852 3571 866 3609 ε
