2636 3922
143 179 175 234 (1,
192 185 223 236 ιι,
238 179 313 228 2-20)
454 170 607 221 BIBAION
625 169 782 222 Πεουοα.
808 167 857 226 ις’.
1108 149 1161 230 ’55

142 331 241 414 ἡμῶν
272 329 412 396 ἑκάστου
444 328 601 414 ἡφύσις·
634 329 731 415 ἀνήρ
755 332 835 413 εἰμι·
869 329 955 394 οὕτω
979 352 1036 413 μοι
1060 346 1161 414 προσ-

109 507 113 514 ,
143 435 262 521 έρχου,
291 436 379 502 οὕτω
406 460 463 521 μοι
491 435 599 518 λάλει,
631 435 713 501 ἀλλο
741 431 847 520 μηδὲν
875 438 973 520 ζήτει·
1014 437 1089 501 ἰδού
1122 437 1161 500 τά

35 625 39 635 ι
143 541 327 626 σύμβολα’;
350 542 452 607 πάλιν
477 539 531 606 ἐπὶ
549 553 616 607 τῶν
641 553 808 624 γυναικῶν
828 543 936 628 ὥσπερ
957 541 994 608 ἐν
1012 550 1108 626 φωνῇ
1127 564 1159 606 τι
1180 556 1213 604 12

142 647 357 732 ἐγκατέμιξεν
378 647 602 733 ἁπαλώτερον,
623 649 710 714 οὕτω
728 646 784 713 καὶ
802 649 859 724 τὰς
879 651 992 733 τρίχας
1013 646 1160 732 ἀφεῖλεν.

113 755 201 820 εού·
234 751 306 819 ἀλλ’
334 753 527 838 ἀδιάκριτον
555 756 623 819 ἔδει
652 756 690 818 τὸ
719 757 803 842 ζῷον
831 753 1078 837 ἀπολειφθῆναι
1105 751 1161 818 καὶ

143 861 328 944 κηρύσσειν
346 858 484 926 ἕκαστον
502 860 597 944 ἡμῶν
614 861 663 924 ὅτι
683 860 778 946 ’ἀνήρ
798 859 887 944 εἰμι’.
919 870 988 936 πῶς
1002 855 1040 923 δὲ
1058 861 1162 925 καλὸν
1182 875 1214 922 13

143 969 183 1032 τὸ
208 967 379 1050 σύμβολον
400 965 456 1032 καὶ
478 963 637 1052 εὐπρεπὲς
659 965 715 1031 καὶ
743 969 883 1050 σεμνόν,
909 968 1001 1052 πόσῳ
1024 964 1161 1030 κάλλιον

143 1082 207 1138 τοῦ
225 1084 292 1138 τῶν
311 1072 542 1159 ἀλεκτρυόνων
560 1076 679 1157 λόφου,
702 1075 795 1160 πόσφ
814 1069 1162 1156 μεγαλοπρεπέστερον

22 1181 30 1199 ¹
144 1189 203 1263 τῆς
226 1183 340 1264 χαίτης
361 1190 429 1244 τῶν
452 1179 607 1244 λεόντων.
658 1179 715 1243 διὰ
746 1187 844 1244 τοῦτο
877 1179 945 1243 ἔδει
977 1175 1093 1265 σῴζειν
1121 1177 1161 1242 τά
1182 1191 1214 1238 14

103 1308 131 1348 ιο
146 1287 300 1369 σύμβολα
326 1294 387 1350 τού
413 1291 514 1366 θεοῦ,
544 1286 613 1349 ἔδει
641 1283 723 1349 αύτά
746 1285 790 1368 μὴ
814 1287 1090 1368 καταπροῖεσδαι,
1117 1283 1162 1366 μὴ

146 1401 285 1476 συγχεῖν
309 1389 391 1456 ὅσον
413 1388 464 1475 ἐφ’
493 1388 622 1466 ἑαυτοῖς
643 1391 683 1454 τά
706 1388 787 1472 γένη
810 1391 850 1455 τά
874 1387 1065 1476 διῃρημένα.

220 1499 330 1562 Ταῦτα
357 1499 444 1580 μόνα
471 1493 560 1561 ἐστὶν
591 1499 671 1581 ἔργα
699 1492 750 1580 ἐφ’
782 1495 877 1580 ἡμῶν
904 1505 961 1579 τῆς
986 1497 1159 1579 προνοίας;
1184 1507 1216 1555 15

147 1599 206 1668 καὶ
227 1605 277 1674 τίς
299 1601 430 1681 ἐξαρκεῖ
450 1605 549 1696 ηόγος
572 1601 693 1681 ὁμοίως
715 1600 798 1666 αὐτὰ
822 1599 991 1666 ἐπαινέσαι
1014 1600 1035 1684 ἢ
1058 1622 1163 1684 παρα-

148 1707 282 1783 στησαις
305 1704 337 1766 εἰ
358 1702 421 1786 γὰρ
440 1712 524 1769 νοῦν
543 1708 686 1789 εἴχομεν,
708 1704 790 1769 ἀλλο
808 1726 840 1768 τι
863 1705 929 1769 ἔδει
952 1706 1037 1788 ἡμᾶς
1053 1716 1163 1770 ποιεῖν

105 1827 134 1868 ιε
147 1805 204 1872 καὶ
230 1817 328 1893 κοινη
354 1806 410 1874 καὶ
438 1810 508 1896 ἰδίᾳ
535 1808 556 1892 ἢ
583 1810 701 1893 ὑμνεῖν
729 1811 766 1874 τὸ
793 1816 891 1875 θεῖον
917 1808 973 1876 καὶ
1001 1810 1163 1894 εὐφημεῖν

145 1912 204 1979 καλ
223 1912 457 1999 έπεξέρχεσδαι
476 1914 534 1990 τὰς
550 1915 699 1999 χάριταςς
720 1914 780 1980 ούκ
799 1916 867 1980 ἔδει
886 1912 941 1980 καὶ
960 1915 1164 1992 σκάπτοντας
1184 1931 1216 1979 16

145 2018 203 2085 καὶ
231 2019 396 2103 ἀροῦντας
425 2018 480 2086 καὶ
503 2017 680 2096 ἐσθίοντας
703 2019 798 2107 ᾅδειν
821 2023 881 2086 τὸν
903 2020 1012 2105 ύμνον
1034 2023 1093 2088 τὸν
1117 2024 1164 2099 εἰς

145 2129 207 2192 τὸν
236 2128 335 2202 δεόνς
365 2123 478 2209 ’μέγας
500 2125 518 2192 ὁ
540 2127 637 2209 θεὸς,
665 2125 715 2190 ὅτι
737 2125 818 2210 ἡμῖν
845 2124 1008 2211 παρέσχεν
1036 2129 1163 2213 ὄργανα
1184 2143 1215 2190 17

145 2243 250 2298 ταῦτα
275 2229 319 2296 δι’
347 2226 395 2296 ὧν
417 2233 479 2315 τὴν
501 2240 566 2314 γῆν
589 2230 811 2317 ἐργασόμεθα·
836 2231 936 2316 μέγας
957 2232 974 2298 ὁ
998 2236 1090 2316 θεός,
1112 2233 1163 2297 ὅτι
1241 2295 1244 2302 ⁴

105 2359 133 2400 20
147 2351 260 2424 χεῖρας
284 2335 440 2419 δέδωκεν,
463 2336 514 2401 ὅτι
537 2337 735 2420 κατάποσιν,
758 2337 809 2402 ὅτι
832 2342 974 2420 κοιλίαν,
997 2339 1047 2403 ὅτι
1071 2337 1163 2416 αὔξε-

147 2451 230 2510 σθαι
261 2446 465 2527 λεληθότως,
497 2443 549 2508 ὅτι
577 2445 805 2521 καθεύδοντας
827 2442 1010 2509 ἀναπνεῖυ’.
1061 2454 1164 2509 ταῦτα
1184 2459 1216 2508 18

147 2549 200 2636 ἐφ’
228 2547 368 2616 ἑκάστου
391 2549 553 2635 ἐφυμνεῖν
571 2551 639 2614 ἔδει
662 2547 718 2614 καὶ
740 2552 799 2615 τὸν
818 2548 974 2634 μέγιστον
994 2547 1049 2614 καὶ
1071 2553 1163 2614 δειό-

146 2679 248 2722 τατον
274 2655 383 2739 ύμνον
411 2653 588 2741 ἐφυμνεῖν,
616 2655 666 2719 ὅτι
693 2655 755 2737 τὴν
783 2656 928 2740 δύναμιν
950 2657 1074 2722 ἔδωκεν
1101 2657 1163 2740 τὴν

146 2761 484 2847 παρακολουδητικὴν
520 2761 649 2837 τούτοις
686 2758 740 2825 καὶ
778 2760 845 2848 ὁδῷ
881 2764 1070 2846 χρηστικήν.
1129 2769 1164 2828 τί
1182 2779 1215 2826 19

106 2887 133 2928 εο
148 2863 226 2948 οὖν;
247 2865 317 2932 ἐπεὶ
336 2868 372 2932 οἱ
381 2865 500 2933 πολλοὶ
519 2866 809 2950 ἀποτετύφλοοσθε,
828 2866 889 2931 ούκ
906 2868 973 2933 ἔδει
987 2869 1062 2933 τινὰ
1077 2863 1163 2932 εἶναι

147 2978 208 3040 τὸν
230 2975 355 3057 ταύτην
378 2971 604 3058 ἐκπληροῦντα
627 2971 688 3054 τὴν
710 2974 822 3058 χώραν
844 2971 899 3038 καὶ
922 2969 1005 3059 ὑπὲρ
1029 2973 1163 3038 πάντων

147 3079 275 3168 ᾅδοντα
306 3081 365 3146 τὸν
396 3079 506 3162 ύμνον
536 3080 595 3143 τὸν
631 3079 677 3154 είς
703 3080 763 3145 τὸν
794 3081 891 3156 δεόνς
930 3083 965 3144 τι’
988 3081 1051 3162 γὰρ
1079 3081 1161 3144 ἀλλο
1181 3096 1216 3144 κο

222 3313 255 3362 12
280 3308 353 3377 μόνα
382 3337 415 3347 -
438 3310 494 3376 (13)
518 3308 559 3368 τίς
586 3307 650 3361 add.
677 3306 698 3361 S
723 3323 757 3360 m.
782 3323 828 3376 μν.
855 3308 887 3360 ιἰι
914 3324 999 3376 ικατγ.
1028 3308 1091 3360 add.
1119 3307 1163 3361 his

148 3379 237 3450 εἰραέε
252 3379 310 3424 L'L·
342 3381 352 3446 ΙΙ
385 3385 416 3432 13
437 3377 549 3448 ὁμοίως]
570 3375 679 3439 οἰκείως
702 3379 802 3432 Comes
833 3379 842 3447 ΙΙ
874 3383 907 3430 19
928 3373 1111 3446 ἐργασώμεδα
1131 3377 1163 3431 S:

148 3465 252 3506 εοεαε
283 3452 294 3519 η
325 3456 360 3504 24
378 3447 483 3503 τούτων
503 3449 536 3502 S:
554 3465 624 3503 οοιϊ.
643 3465 662 3503 α
679 3465 765 3503 manu
783 3451 901 3517 antiqua
931 3451 941 3515 ΙΙ
973 3453 1005 3499 27
1026 3446 1163 3500 διαδύντα

150 3521 183 3575 S:
201 3537 271 3576 corr.
290 3536 321 3585 8,·
339 3537 377 3575 ανι
397 3519 457 3594 ἰδίᾳ
475 3516 607 3595 ᾅδονταὲ
