<?xml version="1.0" encoding="UTF-8"?>
<!DOCTYPE html PUBLIC "-//W3C//DTD XHTML 1.0 Transitional//EN"
    "http://www.w3.org/TR/xhtml1/DTD/xhtml1-transitional.dtd">
<html xmlns="http://www.w3.org/1999/xhtml" xml:lang="en" lang="en">
 <head>
  <title>
</title>
<meta http-equiv="Content-Type" content="text/html;charset=utf-8" />
  <meta name='ocr-system' content='tesseract 3.04.00' />
  <meta name='ocr-capabilities' content='ocr_page ocr_carea ocr_par ocr_line ocrx_word'/>
</head>
<body>
  <div class='ocr_page' id='page_1' title='image "./dissertationesa00epicgoog/dissertationesa00epicgoog_0166.png"; bbox 0 0 2636 3922; ppageno 0'>
   <div class='ocr_carea' id='block_1_1' title="bbox 136 202 1152 272">
    <p class='ocr_par' dir='ltr' id='par_1_1' title="bbox 136 202 1152 272">
     <span class='ocr_line' id='line_1_1' title="bbox 136 202 1152 272; baseline 0.012 -19"><span class='ocrx_word' id='word_1_1' title='bbox 136 218 177 272; x_wconf 73' lang='grc' dir='ltr'><strong><em>(Π,</em></strong></span> <span class='ocrx_word' id='word_1_2' title='bbox 193 222 211 271; x_wconf 90' lang='lat'><strong><em>1,</em></strong></span> <span class='ocrx_word' id='word_1_3' title='bbox 226 215 302 265; x_wconf 77' lang='lat'>3-15)</span> <span class='ocrx_word' id='word_1_4' title='bbox 459 203 612 258; x_wconf 81' lang='lat' dir='ltr'><strong>BIBAION</strong></span> <span class='ocrx_word' id='word_1_5' title='bbox 629 204 830 258; x_wconf 77' lang='grc' dir='ltr'>ΔΕΤΤΕΡΟΝ.</span> <span class='ocrx_word' id='word_1_6' title='bbox 855 202 896 259; x_wconf 82' lang='grc' dir='ltr'><strong><em>α’.</em></strong></span> <span class='ocrx_word' id='word_1_7' title='bbox 1087 203 1152 267; x_wconf 87' lang='grc'><strong><em>103</em></strong></span> 
     </span>
    </p>
   </div>
   <div class='ocr_carea' id='block_1_2' title="bbox 136 355 1154 452">
    <p class='ocr_par' dir='ltr' id='par_1_2' title="bbox 136 355 1154 452">
     <span class='ocr_line' id='line_1_2' title="bbox 136 355 1154 452; baseline 0 -21"><span class='ocrx_word' id='word_1_8' title='bbox 136 367 157 451; x_wconf 75' lang='grc' dir='ltr'><em>ἢ</em></span> <span class='ocrx_word' id='word_1_9' title='bbox 186 365 409 452; x_wconf 88' lang='grc' dir='ltr'><strong><em>ἀναίσχυντόν</em></strong></span> <span class='ocrx_word' id='word_1_10' title='bbox 436 389 468 430; x_wconf 89' lang='grc' dir='ltr'><strong><em>τι</em></strong></span> <span class='ocrx_word' id='word_1_11' title='bbox 496 361 631 450; x_wconf 79' lang='grc' dir='ltr'><strong><em>ποιῆσαι</em></strong></span> <span class='ocrx_word' id='word_1_12' title='bbox 658 363 679 448; x_wconf 80' lang='grc' dir='ltr'><em>ἢ</em></span> <span class='ocrx_word' id='word_1_13' title='bbox 708 362 778 449; x_wconf 87' lang='grc' dir='ltr'><strong><em>μετ’</em></strong></span> <span class='ocrx_word' id='word_1_14' title='bbox 808 363 987 450; x_wconf 78' lang='grc' dir='ltr'><strong><em>ἐπιθυμίας</em></strong></span> <span class='ocrx_word' id='word_1_15' title='bbox 1014 355 1154 452; x_wconf 80' lang='grc' dir='ltr'><strong><em>αἰσχρᾶς</em></strong></span> 
     </span>
    </p>
   </div>
   <div class='ocr_carea' id='block_1_3' title="bbox 94 467 1207 2147">
    <p class='ocr_par' dir='ltr' id='par_1_3' title="bbox 108 467 1207 1302">
     <span class='ocr_line' id='line_1_3' title="bbox 137 467 1153 559; baseline 0 -21"><span class='ocrx_word' id='word_1_16' title='bbox 137 472 324 559; x_wconf 79' lang='grc' dir='ltr'><strong><em>ὀρεχθῆναί</em></strong></span> <span class='ocrx_word' id='word_1_17' title='bbox 348 495 439 549; x_wconf 83' lang='grc' dir='ltr'><strong><em>τινος</em></strong></span> <span class='ocrx_word' id='word_1_18' title='bbox 470 468 570 536; x_wconf 71' lang='grc' dir='ltr'><strong><em>οὐδὲν</em></strong></span> <span class='ocrx_word' id='word_1_19' title='bbox 599 467 751 556; x_wconf 73' lang='grc' dir='ltr'><strong><em>διαφέρει</em></strong></span> <span class='ocrx_word' id='word_1_20' title='bbox 778 471 874 557; x_wconf 85' lang='grc' dir='ltr'><strong><em>ἡμίν,</em></strong></span> <span class='ocrx_word' id='word_1_21' title='bbox 906 470 949 536; x_wconf 86' lang='grc' dir='ltr'><strong><em>ἀν</em></strong></span> <span class='ocrx_word' id='word_1_22' title='bbox 976 475 1082 557; x_wconf 87' lang='grc' dir='ltr'><strong><em>μόνον</em></strong></span> <span class='ocrx_word' id='word_1_23' title='bbox 1114 471 1153 538; x_wconf 81' lang='grc' dir='ltr'><strong><em>ἐν</em></strong></span> 
     </span>
     <span class='ocr_line' id='line_1_4' title="bbox 135 575 1151 665; baseline 0 -21"><span class='ocrx_word' id='word_1_24' title='bbox 135 590 206 656; x_wconf 79' lang='grc' dir='ltr'><strong><em>τοῖς</em></strong></span> <span class='ocrx_word' id='word_1_25' title='bbox 237 577 468 665; x_wconf 74' lang='grc' dir='ltr'><strong><em>ἀπροαιρέτως</em></strong></span> <span class='ocrx_word' id='word_1_26' title='bbox 500 577 717 663; x_wconf 82' lang='grc' dir='ltr'><strong><em>εὐστοχῶμεν.</em></strong></span> <span class='ocrx_word' id='word_1_27' title='bbox 773 576 858 644; x_wconf 81' lang='grc' dir='ltr'><strong><em>ὅπου</em></strong></span> <span class='ocrx_word' id='word_1_28' title='bbox 889 575 927 643; x_wconf 71' lang='grc' dir='ltr'><strong><em>δὲ</em></strong></span> <span class='ocrx_word' id='word_1_29' title='bbox 953 579 1101 656; x_wconf 83' lang='grc' dir='ltr'><strong><em>θάνατος</em></strong></span> <span class='ocrx_word' id='word_1_30' title='bbox 1130 578 1151 663; x_wconf 76' lang='grc' dir='ltr'><em>ἢ</em></span> 
     </span>
     <span class='ocr_line' id='line_1_5' title="bbox 136 683 1151 770; baseline 0.001 -20"><span class='ocrx_word' id='word_1_31' title='bbox 136 687 228 770; x_wconf 78' lang='grc' dir='ltr'><strong><em>φυγὴ</em></strong></span> <span class='ocrx_word' id='word_1_32' title='bbox 252 684 273 769; x_wconf 81' lang='grc' dir='ltr'><em>ἢ</em></span> <span class='ocrx_word' id='word_1_33' title='bbox 293 688 397 762; x_wconf 87' lang='grc' dir='ltr'><strong><em>πόνος</em></strong></span> <span class='ocrx_word' id='word_1_34' title='bbox 414 684 435 769; x_wconf 77' lang='grc' dir='ltr'><em>ἢ</em></span> <span class='ocrx_word' id='word_1_35' title='bbox 453 684 581 768; x_wconf 78' lang='grc' dir='ltr'><strong><em>ἀδοξία,</em></strong></span> <span class='ocrx_word' id='word_1_36' title='bbox 604 683 674 750; x_wconf 80' lang='grc' dir='ltr'><strong><em>ἐκεῖ</em></strong></span> <span class='ocrx_word' id='word_1_37' title='bbox 688 685 726 750; x_wconf 88' lang='grc' dir='ltr'><strong><em>τὸ</em></strong></span> <span class='ocrx_word' id='word_1_38' title='bbox 745 683 1006 770; x_wconf 83' lang='grc' dir='ltr'><strong><em>άναχωρητικόν,</em></strong></span> <span class='ocrx_word' id='word_1_39' title='bbox 1029 683 1098 750; x_wconf 77' lang='grc' dir='ltr'><strong><em>ἐκεῖ</em></strong></span> <span class='ocrx_word' id='word_1_40' title='bbox 1112 688 1151 752; x_wconf 92' lang='grc' dir='ltr'><strong><em>τὸ</em></strong></span> 
     </span>
     <span class='ocr_line' id='line_1_6' title="bbox 108 789 1205 878; baseline 0.005 -25"><span class='ocrx_word' id='word_1_41' title='bbox 108 789 373 875; x_wconf 80' lang='grc' dir='ltr'><strong><em>εσεσοβημίνον.</em></strong></span> <span class='ocrx_word' id='word_1_42' title='bbox 424 799 604 876; x_wconf 78' lang='grc' dir='ltr'><strong><em>τοιγαροῦν</em></strong></span> <span class='ocrx_word' id='word_1_43' title='bbox 638 791 749 875; x_wconf 80' lang='grc' dir='ltr'><strong><em>ὥσπερ</em></strong></span> <span class='ocrx_word' id='word_1_44' title='bbox 778 791 866 866; x_wconf 85' lang='grc' dir='ltr'><strong><em>είκὸς</em></strong></span> <span class='ocrx_word' id='word_1_45' title='bbox 896 793 974 867; x_wconf 83' lang='grc' dir='ltr'><strong><em>τοὺς</em></strong></span> <span class='ocrx_word' id='word_1_46' title='bbox 1004 789 1081 878; x_wconf 81' lang='grc' dir='ltr'><strong><em>περὶ</em></strong></span> <span class='ocrx_word' id='word_1_47' title='bbox 1111 791 1152 856; x_wconf 83' lang='grc' dir='ltr'><strong><em>τά</em></strong></span> <span class='ocrx_word' id='word_1_48' title='bbox 1172 809 1205 858; x_wconf 91' lang='lat'><strong><em>11</em></strong></span> 
     </span>
     <span class='ocr_line' id='line_1_7' title="bbox 136 892 1151 982; baseline 0 -20"><span class='ocrx_word' id='word_1_49' title='bbox 136 896 275 982; x_wconf 81' lang='grc' dir='ltr'><strong><em>μέγιστα</em></strong></span> <span class='ocrx_word' id='word_1_50' title='bbox 289 897 572 982; x_wconf 85' lang='grc' dir='ltr'><strong><em>διαμαρτάνοντας</em></strong></span> <span class='ocrx_word' id='word_1_51' title='bbox 585 897 622 962; x_wconf 82' lang='grc' dir='ltr'><strong><em>τὸ</em></strong></span> <span class='ocrx_word' id='word_1_52' title='bbox 637 892 699 980; x_wconf 75' lang='grc' dir='ltr'><strong><em>μὲν</em></strong></span> <span class='ocrx_word' id='word_1_53' title='bbox 712 897 812 980; x_wconf 84' lang='grc' dir='ltr'><strong><em>φύσει</em></strong></span> <span class='ocrx_word' id='word_1_54' title='bbox 829 893 1021 982; x_wconf 81' lang='grc' dir='ltr'><strong><em>θαρραλέον</em></strong></span> <span class='ocrx_word' id='word_1_55' title='bbox 1038 900 1151 982; x_wconf 86' lang='grc' dir='ltr'><strong><em>θρασὺ</em></strong></span> 
     </span>
     <span class='ocr_line' id='line_1_8' title="bbox 135 1000 1153 1088; baseline -0.001 -19"><span class='ocrx_word' id='word_1_56' title='bbox 135 1003 430 1087; x_wconf 74' lang='grc' dir='ltr'><strong><em>κατασκευάζομεν,</em></strong></span> <span class='ocrx_word' id='word_1_57' title='bbox 454 1001 734 1086; x_wconf 80' lang='grc' dir='ltr'><strong><em>ἀπονενοημένον,</em></strong></span> <span class='ocrx_word' id='word_1_58' title='bbox 762 1003 890 1087; x_wconf 86' lang='grc' dir='ltr'><strong><em>ίταμόν,</em></strong></span> <span class='ocrx_word' id='word_1_59' title='bbox 918 1000 1153 1088; x_wconf 76' lang='grc' dir='ltr'><strong><em>ἀναίσχυντον,</em></strong></span> 
     </span>
     <span class='ocr_line' id='line_1_9' title="bbox 134 1105 1153 1194; baseline 0 -20"><span class='ocrx_word' id='word_1_60' title='bbox 134 1112 173 1175; x_wconf 91' lang='grc' dir='ltr'><strong><em>τὸ</em></strong></span> <span class='ocrx_word' id='word_1_61' title='bbox 193 1106 224 1174; x_wconf 88' lang='grc' dir='ltr'><strong><em>δ’</em></strong></span> <span class='ocrx_word' id='word_1_62' title='bbox 248 1105 385 1193; x_wconf 71' lang='grc' dir='ltr'><strong><em>εὐλαβὲς</em></strong></span> <span class='ocrx_word' id='word_1_63' title='bbox 408 1109 508 1194; x_wconf 85' lang='grc' dir='ltr'><strong><em>φύσει</em></strong></span> <span class='ocrx_word' id='word_1_64' title='bbox 530 1106 585 1174; x_wconf 81' lang='grc' dir='ltr'><strong><em>καὶ</em></strong></span> <span class='ocrx_word' id='word_1_65' title='bbox 608 1109 752 1192; x_wconf 79' lang='grc' dir='ltr'><strong><em>αίδῆμον</em></strong></span> <span class='ocrx_word' id='word_1_66' title='bbox 776 1109 888 1174; x_wconf 84' lang='grc' dir='ltr'><strong><em>δειλὸν</em></strong></span> <span class='ocrx_word' id='word_1_67' title='bbox 906 1105 962 1172; x_wconf 81' lang='grc' dir='ltr'><strong><em>καὶ</em></strong></span> <span class='ocrx_word' id='word_1_68' title='bbox 984 1110 1153 1193; x_wconf 89' lang='grc' dir='ltr'><strong><em>ταπεινόν,</em></strong></span> 
     </span>
     <span class='ocr_line' id='line_1_10' title="bbox 135 1212 1207 1302; baseline 0.001 -21"><span class='ocrx_word' id='word_1_69' title='bbox 135 1219 254 1301; x_wconf 81' lang='grc' dir='ltr'><strong><em>φόβων</em></strong></span> <span class='ocrx_word' id='word_1_70' title='bbox 276 1213 333 1281; x_wconf 82' lang='grc' dir='ltr'><strong><em>καὶ</em></strong></span> <span class='ocrx_word' id='word_1_71' title='bbox 358 1226 510 1300; x_wconf 81' lang='grc' dir='ltr'><strong><em>ταραχῶν</em></strong></span> <span class='ocrx_word' id='word_1_72' title='bbox 532 1217 662 1302; x_wconf 71' lang='grc' dir='ltr'><strong><em>μεστόν.</em></strong></span> <span class='ocrx_word' id='word_1_73' title='bbox 707 1214 750 1280; x_wconf 83' lang='grc' dir='ltr'><strong><em>ἀν</em></strong></span> <span class='ocrx_word' id='word_1_74' title='bbox 773 1214 836 1300; x_wconf 84' lang='grc' dir='ltr'><strong><em>γάρ</em></strong></span> <span class='ocrx_word' id='word_1_75' title='bbox 863 1237 913 1291; x_wconf 83' lang='grc' dir='ltr'><strong><em>τις</em></strong></span> <span class='ocrx_word' id='word_1_76' title='bbox 935 1212 1002 1279; x_wconf 78' lang='grc' dir='ltr'><strong><em>ἐκεῖ</em></strong></span> <span class='ocrx_word' id='word_1_77' title='bbox 1024 1222 1151 1301; x_wconf 76' lang='grc' dir='ltr'><strong><em>μεταθῇ</em></strong></span> <span class='ocrx_word' id='word_1_78' title='bbox 1173 1234 1207 1282; x_wconf 77' lang='grc' dir='ltr'><strong><em>1κ</em></strong></span> 
     </span>
    </p>

    <p class='ocr_par' dir='ltr' id='par_1_4' title="bbox 95 1319 1154 1830">
     <span class='ocr_line' id='line_1_11' title="bbox 95 1319 1153 1406; baseline 0.006 -26"><span class='ocrx_word' id='word_1_79' title='bbox 95 1341 123 1380; x_wconf 88' lang='lat'><strong><em>10</em></strong></span> <span class='ocrx_word' id='word_1_80' title='bbox 136 1324 174 1387; x_wconf 88' lang='grc' dir='ltr'><strong><em>τὸ</em></strong></span> <span class='ocrx_word' id='word_1_81' title='bbox 207 1319 360 1405; x_wconf 80' lang='grc' dir='ltr'><strong><em>εὐλαβές,</em></strong></span> <span class='ocrx_word' id='word_1_82' title='bbox 392 1321 476 1387; x_wconf 84' lang='grc' dir='ltr'><strong><em>ὅπου</em></strong></span> <span class='ocrx_word' id='word_1_83' title='bbox 510 1323 702 1406; x_wconf 83' lang='grc' dir='ltr'><strong><em>προαίρεσις</em></strong></span> <span class='ocrx_word' id='word_1_84' title='bbox 728 1319 784 1386; x_wconf 80' lang='grc' dir='ltr'><strong><em>καὶ</em></strong></span> <span class='ocrx_word' id='word_1_85' title='bbox 811 1323 892 1406; x_wconf 76' lang='grc' dir='ltr'><strong><em>ἔργα</em></strong></span> <span class='ocrx_word' id='word_1_86' title='bbox 918 1320 1153 1406; x_wconf 81' lang='grc' dir='ltr'><strong><em>προαιρέσεως,</em></strong></span> 
     </span>
     <span class='ocr_line' id='line_1_12' title="bbox 123 1425 1154 1515; baseline 0.001 -23"><span class='ocrx_word' id='word_1_87' title='bbox 123 1429 243 1505; x_wconf 76' lang='grc' dir='ltr'><strong><em>εὐθὺς</em></strong></span> <span class='ocrx_word' id='word_1_88' title='bbox 265 1429 333 1513; x_wconf 80' lang='grc' dir='ltr'><strong><em>ἅμα</em></strong></span> <span class='ocrx_word' id='word_1_89' title='bbox 355 1436 401 1514; x_wconf 73' lang='grc' dir='ltr'><strong><em>τῷ</em></strong></span> <span class='ocrx_word' id='word_1_90' title='bbox 422 1426 538 1493; x_wconf 83' lang='grc' dir='ltr'><strong><em>θέλειν</em></strong></span> <span class='ocrx_word' id='word_1_91' title='bbox 566 1427 783 1511; x_wconf 73' lang='grc' dir='ltr'><strong><em>εὐλαβεῖσθαι</em></strong></span> <span class='ocrx_word' id='word_1_92' title='bbox 809 1426 864 1492; x_wconf 82' lang='grc' dir='ltr'><strong><em>καὶ</em></strong></span> <span class='ocrx_word' id='word_1_93' title='bbox 893 1425 943 1492; x_wconf 79' lang='grc' dir='ltr'><strong><em>ἀπ’</em></strong></span> <span class='ocrx_word' id='word_1_94' title='bbox 969 1427 1058 1515; x_wconf 73' lang='grc' dir='ltr'><strong><em>αὐτῷ</em></strong></span> <span class='ocrx_word' id='word_1_95' title='bbox 1086 1451 1154 1493; x_wconf 90' lang='grc' dir='ltr'><strong><em>κει-</em></strong></span> 
     </span>
     <span class='ocr_line' id='line_1_13' title="bbox 135 1531 1154 1619; baseline 0.001 -21"><span class='ocrx_word' id='word_1_96' title='bbox 135 1532 243 1619; x_wconf 79' lang='grc' dir='ltr'><strong><em>μένην</em></strong></span> <span class='ocrx_word' id='word_1_97' title='bbox 266 1533 330 1612; x_wconf 74' lang='grc' dir='ltr'><strong><em>ἕξει</em></strong></span> <span class='ocrx_word' id='word_1_98' title='bbox 352 1534 415 1618; x_wconf 78' lang='grc' dir='ltr'><strong><em>τὴν</em></strong></span> <span class='ocrx_word' id='word_1_99' title='bbox 437 1536 597 1598; x_wconf 77' lang='grc' dir='ltr'><strong><em>ἔκκλισιν·</em></strong></span> <span class='ocrx_word' id='word_1_100' title='bbox 625 1532 668 1598; x_wconf 82' lang='grc' dir='ltr'><strong><em>ἀν</em></strong></span> <span class='ocrx_word' id='word_1_101' title='bbox 692 1531 722 1598; x_wconf 91' lang='grc' dir='ltr'><strong><em>δ’</em></strong></span> <span class='ocrx_word' id='word_1_102' title='bbox 750 1533 835 1598; x_wconf 87' lang='grc' dir='ltr'><strong><em>ὅπου</em></strong></span> <span class='ocrx_word' id='word_1_103' title='bbox 862 1533 902 1597; x_wconf 83' lang='grc' dir='ltr'><strong><em>τὰ</em></strong></span> <span class='ocrx_word' id='word_1_104' title='bbox 925 1534 970 1617; x_wconf 82' lang='grc' dir='ltr'><strong><em>μὴ</em></strong></span> <span class='ocrx_word' id='word_1_105' title='bbox 994 1531 1045 1618; x_wconf 83' lang='grc' dir='ltr'><strong><em>ἐφ’</em></strong></span> <span class='ocrx_word' id='word_1_106' title='bbox 1072 1532 1154 1618; x_wconf 77' lang='grc' dir='ltr'><strong><em>ἡμῖν</em></strong></span> 
     </span>
     <span class='ocr_line' id='line_1_14' title="bbox 135 1635 1153 1725; baseline -0.001 -20"><span class='ocrx_word' id='word_1_107' title='bbox 135 1639 207 1705; x_wconf 77' lang='grc' dir='ltr'><strong><em>ἐστι</em></strong></span> <span class='ocrx_word' id='word_1_108' title='bbox 234 1636 290 1704; x_wconf 80' lang='grc' dir='ltr'><strong><em>καί</em></strong></span> <span class='ocrx_word' id='word_1_109' title='bbox 318 1638 533 1725; x_wconf 86' lang='grc' dir='ltr'><strong><em>ἀπροαίρετα,</em></strong></span> <span class='ocrx_word' id='word_1_110' title='bbox 563 1640 646 1722; x_wconf 86' lang='grc' dir='ltr'><strong><em>πρὸς</em></strong></span> <span class='ocrx_word' id='word_1_111' title='bbox 676 1639 717 1702; x_wconf 91' lang='grc' dir='ltr'><strong><em>τά</em></strong></span> <span class='ocrx_word' id='word_1_112' title='bbox 752 1635 801 1703; x_wconf 85' lang='grc' dir='ltr'><strong><em>ἐπ’</em></strong></span> <span class='ocrx_word' id='word_1_113' title='bbox 833 1640 948 1715; x_wconf 86' lang='grc' dir='ltr'><strong><em>ἀλλοις</em></strong></span> <span class='ocrx_word' id='word_1_114' title='bbox 979 1640 1060 1704; x_wconf 80' lang='grc' dir='ltr'><strong><em>ὄντα</em></strong></span> <span class='ocrx_word' id='word_1_115' title='bbox 1090 1641 1153 1723; x_wconf 81' lang='grc' dir='ltr'><strong><em>τὴν</em></strong></span> 
     </span>
     <span class='ocr_line' id='line_1_15' title="bbox 134 1743 1154 1830; baseline 0 -20"><span class='ocrx_word' id='word_1_116' title='bbox 134 1748 285 1810; x_wconf 82' lang='grc' dir='ltr'><strong><em>ἔκκλισιν</em></strong></span> <span class='ocrx_word' id='word_1_117' title='bbox 317 1747 402 1830; x_wconf 81' lang='grc' dir='ltr'><strong><em>ἔχων</em></strong></span> <span class='ocrx_word' id='word_1_118' title='bbox 434 1744 622 1828; x_wconf 77' lang='grc' dir='ltr'><strong><em>ἀναγκαίως</em></strong></span> <span class='ocrx_word' id='word_1_119' title='bbox 654 1747 852 1829; x_wconf 80' lang='grc' dir='ltr'><strong><em>φοβήσεται,</em></strong></span> <span class='ocrx_word' id='word_1_120' title='bbox 884 1743 1154 1830; x_wconf 77' lang='grc' dir='ltr'><strong><em>ἀκαταστατήσει,</em></strong></span> 
     </span>
    </p>

    <p class='ocr_par' dir='ltr' id='par_1_5' title="bbox 94 1850 1207 2147">
     <span class='ocr_line' id='line_1_16' title="bbox 94 1850 1207 1936; baseline 0.001 -19"><span class='ocrx_word' id='word_1_121' title='bbox 94 1869 120 1910; x_wconf 75' lang='lat'><strong><em>1⁶</em></strong></span> <span class='ocrx_word' id='word_1_122' title='bbox 134 1851 390 1936; x_wconf 74' lang='grc' dir='ltr'><strong><em>ταραχθήσεται.</em></strong></span> <span class='ocrx_word' id='word_1_123' title='bbox 427 1851 469 1917; x_wconf 82' lang='grc' dir='ltr'><strong><em>οὐ</em></strong></span> <span class='ocrx_word' id='word_1_124' title='bbox 487 1851 549 1936; x_wconf 77' lang='grc' dir='ltr'><strong><em>γὰρ</em></strong></span> <span class='ocrx_word' id='word_1_125' title='bbox 567 1851 715 1932; x_wconf 85' lang='grc' dir='ltr'><strong><em>θάνατος</em></strong></span> <span class='ocrx_word' id='word_1_126' title='bbox 732 1850 753 1934; x_wconf 80' lang='grc' dir='ltr'><strong><em>ἣ</em></strong></span> <span class='ocrx_word' id='word_1_127' title='bbox 771 1853 873 1928; x_wconf 90' lang='grc' dir='ltr'><strong><em>πόνος</em></strong></span> <span class='ocrx_word' id='word_1_128' title='bbox 891 1853 1049 1936; x_wconf 85' lang='grc' dir='ltr'><strong><em>φοβερόν,</em></strong></span> <span class='ocrx_word' id='word_1_129' title='bbox 1068 1850 1152 1916; x_wconf 86' lang='grc' dir='ltr'><strong><em>ἀλλά</em></strong></span> <span class='ocrx_word' id='word_1_130' title='bbox 1173 1869 1207 1918; x_wconf 82' lang='lat'><strong><em>13</em></strong></span> 
     </span>
     <span class='ocr_line' id='line_1_17' title="bbox 133 1955 1154 2043; baseline 0.001 -20"><span class='ocrx_word' id='word_1_131' title='bbox 133 1959 173 2023; x_wconf 90' lang='grc' dir='ltr'><strong><em>τὸ</em></strong></span> <span class='ocrx_word' id='word_1_132' title='bbox 198 1961 379 2043; x_wconf 83' lang='grc' dir='ltr'><strong><em>φοβεῖσθαι</em></strong></span> <span class='ocrx_word' id='word_1_133' title='bbox 406 1959 512 2023; x_wconf 89' lang='grc' dir='ltr'><strong><em>πόνον</em></strong></span> <span class='ocrx_word' id='word_1_134' title='bbox 541 1955 562 2040; x_wconf 80' lang='grc' dir='ltr'><strong><em>ἣ</em></strong></span> <span class='ocrx_word' id='word_1_135' title='bbox 587 1955 747 2022; x_wconf 89' lang='grc' dir='ltr'><strong><em>θάνατον.</em></strong></span> <span class='ocrx_word' id='word_1_136' title='bbox 794 1958 849 2022; x_wconf 84' lang='grc' dir='ltr'><strong><em>διὰ</em></strong></span> <span class='ocrx_word' id='word_1_137' title='bbox 876 1965 974 2023; x_wconf 83' lang='grc' dir='ltr'><strong><em>τοῦτο</em></strong></span> <span class='ocrx_word' id='word_1_138' title='bbox 998 1955 1154 2024; x_wconf 82' lang='grc' dir='ltr'><strong><em>ἐπαινοῦ-</em></strong></span> 
     </span>
     <span class='ocr_line' id='line_1_18' title="bbox 134 2062 514 2147; baseline -0.005 -19"><span class='ocrx_word' id='word_1_139' title='bbox 134 2087 199 2147; x_wconf 80' lang='grc' dir='ltr'><strong><em>μεν</em></strong></span> <span class='ocrx_word' id='word_1_140' title='bbox 221 2063 281 2128; x_wconf 91' lang='grc' dir='ltr'><strong><em>τὸν</em></strong></span> <span class='ocrx_word' id='word_1_141' title='bbox 304 2063 439 2127; x_wconf 80' lang='grc' dir='ltr'><strong><em>εἰπόντα</em></strong></span> <span class='ocrx_word' id='word_1_142' title='bbox 463 2062 514 2126; x_wconf 82' lang='grc' dir='ltr'><strong><em>ὅτι</em></strong></span> 
     </span>
    </p>
   </div>
   <div class='ocr_carea' id='block_1_4' title="bbox 263 2181 1023 2253">
    <p class='ocr_par' dir='ltr' id='par_1_6' title="bbox 263 2181 1023 2253">
     <span class='ocr_line' id='line_1_19' title="bbox 263 2181 1023 2253; baseline 0.003 -17"><span class='ocrx_word' id='word_1_143' title='bbox 263 2183 296 2236; x_wconf 84' lang='grc' dir='ltr'><strong><em>οά</em></strong></span> <span class='ocrx_word' id='word_1_144' title='bbox 315 2185 473 2237; x_wconf 82' lang='grc' dir='ltr'><strong><em>κατθανεῖν</em></strong></span> <span class='ocrx_word' id='word_1_145' title='bbox 491 2181 545 2252; x_wconf 87' lang='grc' dir='ltr'><strong><em>χδιρ</em></strong></span> <span class='ocrx_word' id='word_1_146' title='bbox 564 2181 670 2250; x_wconf 81' lang='grc' dir='ltr'><strong><em>δεινόν,</em></strong></span> <span class='ocrx_word' id='word_1_147' title='bbox 689 2181 750 2237; x_wconf 81' lang='grc' dir='ltr'><strong><em>ἀλλ’</em></strong></span> <span class='ocrx_word' id='word_1_148' title='bbox 772 2181 892 2253; x_wconf 80' lang='grc' dir='ltr'><strong><em>αἰσχρῶς</em></strong></span> <span class='ocrx_word' id='word_1_149' title='bbox 910 2186 1023 2239; x_wconf 83' lang='grc' dir='ltr'><strong><em>θανεῖν.</em></strong></span> 
     </span>
    </p>
   </div>
   <div class='ocr_carea' id='block_1_5' title="bbox 93 2303 1208 2818">
    <p class='ocr_par' dir='ltr' id='par_1_7' title="bbox 93 2303 1208 2818">
     <span class='ocr_line' id='line_1_20' title="bbox 196 2303 1208 2396; baseline 0.004 -24"><span class='ocrx_word' id='word_1_150' title='bbox 196 2307 288 2373; x_wconf 81' lang='grc' dir='ltr'><strong><em>Ἔδει</em></strong></span> <span class='ocrx_word' id='word_1_151' title='bbox 311 2303 373 2374; x_wconf 86' lang='grc' dir='ltr'><strong><em>οὖν</em></strong></span> <span class='ocrx_word' id='word_1_152' title='bbox 395 2309 479 2394; x_wconf 80' lang='grc' dir='ltr'><strong><em>πρὸς</em></strong></span> <span class='ocrx_word' id='word_1_153' title='bbox 501 2303 562 2391; x_wconf 67' lang='grc' dir='ltr'><strong><em>μὲν</em></strong></span> <span class='ocrx_word' id='word_1_154' title='bbox 583 2310 644 2373; x_wconf 85' lang='grc' dir='ltr'><strong><em>τὸν</em></strong></span> <span class='ocrx_word' id='word_1_155' title='bbox 662 2309 812 2374; x_wconf 88' lang='grc' dir='ltr'><strong><em>θάνατον</em></strong></span> <span class='ocrx_word' id='word_1_156' title='bbox 830 2311 868 2374; x_wconf 85' lang='grc' dir='ltr'><strong><em>τὸ</em></strong></span> <span class='ocrx_word' id='word_1_157' title='bbox 890 2309 1020 2395; x_wconf 85' lang='grc' dir='ltr'><strong><em>θάρσος</em></strong></span> <span class='ocrx_word' id='word_1_158' title='bbox 1037 2309 1152 2396; x_wconf 76' lang='grc' dir='ltr'><strong><em>ἐστρά-</em></strong></span> <span class='ocrx_word' id='word_1_159' title='bbox 1172 2328 1208 2376; x_wconf 78' lang='grc'><strong><em>14</em></strong></span> 
     </span>
     <span class='ocr_line' id='line_1_21' title="bbox 93 2410 1152 2502; baseline 0 -20"><span class='ocrx_word' id='word_1_160' title='bbox 93 2443 121 2482; x_wconf 74' lang='grc' dir='ltr'><strong><em>νο</em></strong></span> <span class='ocrx_word' id='word_1_161' title='bbox 135 2423 237 2502; x_wconf 83' lang='grc' dir='ltr'><strong><em>φθαι,</em></strong></span> <span class='ocrx_word' id='word_1_162' title='bbox 259 2415 341 2500; x_wconf 84' lang='grc' dir='ltr'><strong><em>πρὸς</em></strong></span> <span class='ocrx_word' id='word_1_163' title='bbox 364 2410 401 2478; x_wconf 72' lang='grc' dir='ltr'><strong><em>δὲ</em></strong></span> <span class='ocrx_word' id='word_1_164' title='bbox 424 2416 483 2480; x_wconf 84' lang='grc' dir='ltr'><strong><em>τὸν</em></strong></span> <span class='ocrx_word' id='word_1_165' title='bbox 505 2417 615 2499; x_wconf 83' lang='grc' dir='ltr'><strong><em>φόβον</em></strong></span> <span class='ocrx_word' id='word_1_166' title='bbox 633 2425 693 2480; x_wconf 89' lang='grc' dir='ltr'><strong><em>τοῦ</em></strong></span> <span class='ocrx_word' id='word_1_167' title='bbox 711 2415 862 2479; x_wconf 88' lang='grc' dir='ltr'><strong><em>θανάτου</em></strong></span> <span class='ocrx_word' id='word_1_168' title='bbox 880 2416 942 2498; x_wconf 80' lang='grc' dir='ltr'><strong><em>τὴν</em></strong></span> <span class='ocrx_word' id='word_1_169' title='bbox 960 2415 1152 2499; x_wconf 84' lang='grc' dir='ltr'><strong><em>εὐλάβειαν·</em></strong></span> 
     </span>
     <span class='ocr_line' id='line_1_22' title="bbox 135 2515 1153 2606; baseline -0.001 -18"><span class='ocrx_word' id='word_1_170' title='bbox 135 2533 202 2588; x_wconf 86' lang='grc' dir='ltr'><strong><em>νῦν</em></strong></span> <span class='ocrx_word' id='word_1_171' title='bbox 226 2515 263 2586; x_wconf 67' lang='grc' dir='ltr'><strong><em>δὲ</em></strong></span> <span class='ocrx_word' id='word_1_172' title='bbox 285 2523 323 2586; x_wconf 89' lang='grc' dir='ltr'><strong><em>τὸ</em></strong></span> <span class='ocrx_word' id='word_1_173' title='bbox 347 2519 500 2585; x_wconf 81' lang='grc' dir='ltr'><strong><em>ἐναντίον</em></strong></span> <span class='ocrx_word' id='word_1_174' title='bbox 522 2523 605 2603; x_wconf 86' lang='grc' dir='ltr'><strong><em>πρὸς</em></strong></span> <span class='ocrx_word' id='word_1_175' title='bbox 623 2516 685 2604; x_wconf 71' lang='grc' dir='ltr'><strong><em>μὲν</em></strong></span> <span class='ocrx_word' id='word_1_176' title='bbox 703 2523 762 2585; x_wconf 91' lang='grc' dir='ltr'><strong><em>τὸν</em></strong></span> <span class='ocrx_word' id='word_1_177' title='bbox 780 2520 931 2586; x_wconf 89' lang='grc' dir='ltr'><strong><em>θάνατον</em></strong></span> <span class='ocrx_word' id='word_1_178' title='bbox 949 2522 1010 2604; x_wconf 76' lang='grc' dir='ltr'><strong><em>τὴν</em></strong></span> <span class='ocrx_word' id='word_1_179' title='bbox 1028 2524 1153 2606; x_wconf 73' lang='grc' dir='ltr'><strong><em>φυγήν,</em></strong></span> 
     </span>
     <span class='ocr_line' id='line_1_23' title="bbox 135 2623 1152 2713; baseline -0.002 -19"><span class='ocrx_word' id='word_1_180' title='bbox 135 2630 220 2713; x_wconf 87' lang='grc' dir='ltr'><strong><em>πρὸς</em></strong></span> <span class='ocrx_word' id='word_1_181' title='bbox 248 2623 286 2691; x_wconf 74' lang='grc' dir='ltr'><strong><em>δὲ</em></strong></span> <span class='ocrx_word' id='word_1_182' title='bbox 313 2628 350 2691; x_wconf 85' lang='grc' dir='ltr'><strong><em>τὸ</em></strong></span> <span class='ocrx_word' id='word_1_183' title='bbox 373 2623 448 2711; x_wconf 81' lang='grc' dir='ltr'><strong><em>περὶ</em></strong></span> <span class='ocrx_word' id='word_1_184' title='bbox 471 2625 575 2691; x_wconf 81' lang='grc' dir='ltr'><strong><em>αὐτοῦ</em></strong></span> <span class='ocrx_word' id='word_1_185' title='bbox 599 2626 706 2709; x_wconf 84' lang='grc' dir='ltr'><strong><em>δόγμα</em></strong></span> <span class='ocrx_word' id='word_1_186' title='bbox 728 2626 790 2708; x_wconf 79' lang='grc' dir='ltr'><strong><em>τὴν</em></strong></span> <span class='ocrx_word' id='word_1_187' title='bbox 818 2624 1074 2712; x_wconf 78' lang='grc' dir='ltr'><strong><em>ἀνεπιστρεψίαν</em></strong></span> <span class='ocrx_word' id='word_1_188' title='bbox 1096 2625 1152 2692; x_wconf 85' lang='grc' dir='ltr'><strong><em>καὶ</em></strong></span> 
     </span>
     <span class='ocr_line' id='line_1_24' title="bbox 135 2727 1206 2818; baseline 0 -18"><span class='ocrx_word' id='word_1_189' title='bbox 135 2736 174 2800; x_wconf 89' lang='grc' dir='ltr'><strong><em>τὸ</em></strong></span> <span class='ocrx_word' id='word_1_190' title='bbox 203 2727 337 2818; x_wconf 68' lang='grc' dir='ltr'><strong><em>ἀφειδὲς</em></strong></span> <span class='ocrx_word' id='word_1_191' title='bbox 364 2730 418 2799; x_wconf 82' lang='grc' dir='ltr'><strong><em>καὶ</em></strong></span> <span class='ocrx_word' id='word_1_192' title='bbox 448 2733 485 2796; x_wconf 91' lang='grc' dir='ltr'><strong><em>τὸ</em></strong></span> <span class='ocrx_word' id='word_1_193' title='bbox 518 2730 787 2817; x_wconf 79' lang='grc' dir='ltr'><strong><em>ἀδιαφορητικόν.</em></strong></span> <span class='ocrx_word' id='word_1_194' title='bbox 837 2740 940 2796; x_wconf 83' lang='grc' dir='ltr'><strong><em>ταῦτα</em></strong></span> <span class='ocrx_word' id='word_1_195' title='bbox 968 2728 999 2796; x_wconf 91' lang='grc' dir='ltr'><strong><em>δ’</em></strong></span> <span class='ocrx_word' id='word_1_196' title='bbox 1031 2733 1049 2798; x_wconf 87' lang='grc' dir='ltr'>ὁ</span> <span class='ocrx_word' id='word_1_197' title='bbox 1077 2735 1206 2800; x_wconf 68' lang='lat' dir='ltr'>Ero-1⁶</span> 
     </span>
    </p>
   </div>
   <div class='ocr_carea' id='block_1_6' title="bbox 137 2869 352 2876">
    <p class='ocr_par' dir='ltr' id='par_1_8' title="bbox 137 2869 352 2876">
     <span class='ocr_line' id='line_1_25' title="bbox 137 2869 352 2876; baseline 0 -2"><span class='ocrx_word' id='word_1_198' title='bbox 137 2869 352 2876; x_wconf 47' lang='grc' dir='ltr'><strong><em>μ*</em></strong></span> 
     </span>
    </p>
   </div>
   <div class='ocr_carea' id='block_1_7' title="bbox 136 2936 1153 3367">
    <p class='ocr_par' dir='ltr' id='par_1_9' title="bbox 136 2936 1153 3296">
     <span class='ocr_line' id='line_1_26' title="bbox 211 2936 1153 3008; baseline 0.001 -12"><span class='ocrx_word' id='word_1_199' title='bbox 211 2947 245 2996; x_wconf 79' lang='lat'><strong><em>15</em></strong></span> <span class='ocrx_word' id='word_1_200' title='bbox 264 2939 299 2995; x_wconf 83' lang='lat' dir='ltr'><strong><em>cf.</em></strong></span> <span class='ocrx_word' id='word_1_201' title='bbox 314 2939 401 2994; x_wconf 83' lang='lat' dir='ltr'><strong>Ench.</strong></span> <span class='ocrx_word' id='word_1_202' title='bbox 418 2945 445 2993; x_wconf 79' lang='lat'><strong><em>5:</em></strong></span> <span class='ocrx_word' id='word_1_203' title='bbox 467 2937 528 2994; x_wconf 89' lang='grc' dir='ltr'><strong><em>οίον</em></strong></span> <span class='ocrx_word' id='word_1_204' title='bbox 542 2937 557 2993; x_wconf 88' lang='grc' dir='ltr'><strong><em>δ</em></strong></span> <span class='ocrx_word' id='word_1_205' title='bbox 572 2939 699 3002; x_wconf 84' lang='grc' dir='ltr'><strong><em>θάνατος</em></strong></span> <span class='ocrx_word' id='word_1_206' title='bbox 719 2939 802 2994; x_wconf 73' lang='grc' dir='ltr'><strong><em>οὐδὲν</em></strong></span> <span class='ocrx_word' id='word_1_207' title='bbox 820 2939 927 3008; x_wconf 84' lang='grc' dir='ltr'><strong><em>δεινόν,</em></strong></span> <span class='ocrx_word' id='word_1_208' title='bbox 946 2936 1008 2996; x_wconf 77' lang='grc' dir='ltr'><strong><em>ἐπεὶ</em></strong></span> <span class='ocrx_word' id='word_1_209' title='bbox 1026 2943 1076 2996; x_wconf 78' lang='grc' dir='ltr'><strong><em>καὶ</em></strong></span> <span class='ocrx_word' id='word_1_210' title='bbox 1090 2947 1153 2997; x_wconf 83' lang='grc' dir='ltr'><strong><em>Σω-</em></strong></span> 
     </span>
     <span class='ocr_line' id='line_1_27' title="bbox 137 3005 1152 3082; baseline 0 -14"><span class='ocrx_word' id='word_1_211' title='bbox 137 3012 236 3082; x_wconf 77' lang='grc' dir='ltr'><strong><em>κράτει</em></strong></span> <span class='ocrx_word' id='word_1_212' title='bbox 254 3014 289 3080; x_wconf 79' lang='lat' dir='ltr'><strong><em>(s.</em></strong></span> <span class='ocrx_word' id='word_1_213' title='bbox 304 3013 347 3080; x_wconf 78' lang='lat'><strong><em>15)</em></strong></span> <span class='ocrx_word' id='word_1_214' title='bbox 366 3009 402 3065; x_wconf 85' lang='grc' dir='ltr'><strong><em>ἀν</em></strong></span> <span class='ocrx_word' id='word_1_215' title='bbox 422 3005 564 3079; x_wconf 72' lang='grc' dir='ltr'><strong><em>ἐφαίνετο,</em></strong></span> <span class='ocrx_word' id='word_1_216' title='bbox 583 3009 653 3064; x_wconf 82' lang='grc' dir='ltr'><strong><em>ἀλλὰ</em></strong></span> <span class='ocrx_word' id='word_1_217' title='bbox 670 3011 702 3065; x_wconf 86' lang='grc' dir='ltr'><strong><em>τὸ</em></strong></span> <span class='ocrx_word' id='word_1_218' title='bbox 721 3009 812 3080; x_wconf 83' lang='grc' dir='ltr'><strong><em>δόχμα</em></strong></span> <span class='ocrx_word' id='word_1_219' title='bbox 825 3011 857 3066; x_wconf 83' lang='grc' dir='ltr'><strong><em>τὸ</em></strong></span> <span class='ocrx_word' id='word_1_220' title='bbox 871 3011 936 3081; x_wconf 78' lang='grc' dir='ltr'><strong><em>περὶ</em></strong></span> <span class='ocrx_word' id='word_1_221' title='bbox 949 3021 999 3067; x_wconf 82' lang='grc' dir='ltr'><strong><em>τοῦ</em></strong></span> <span class='ocrx_word' id='word_1_222' title='bbox 1012 3014 1152 3082; x_wconf 85' lang='grc' dir='ltr'><strong><em>θανάτου,</em></strong></span> 
     </span>
     <span class='ocr_line' id='line_1_28' title="bbox 138 3076 1153 3153; baseline 0 -15"><span class='ocrx_word' id='word_1_223' title='bbox 138 3083 212 3139; x_wconf 88' lang='grc' dir='ltr'><strong><em>διότι</em></strong></span> <span class='ocrx_word' id='word_1_224' title='bbox 230 3082 335 3148; x_wconf 85' lang='grc' dir='ltr'><strong><em>δεινόν,</em></strong></span> <span class='ocrx_word' id='word_1_225' title='bbox 354 3076 446 3136; x_wconf 77' lang='grc' dir='ltr'><strong><em>ἐκεῖνο</em></strong></span> <span class='ocrx_word' id='word_1_226' title='bbox 464 3082 496 3135; x_wconf 87' lang='grc' dir='ltr'><strong><em>τὸ</em></strong></span> <span class='ocrx_word' id='word_1_227' title='bbox 515 3079 611 3135; x_wconf 86' lang='grc' dir='ltr'><strong><em>δεινόν</em></strong></span> <span class='ocrx_word' id='word_1_228' title='bbox 627 3076 709 3136; x_wconf 73' lang='grc' dir='ltr'><strong><em>ἐστιν.</em></strong></span> <span class='ocrx_word' id='word_1_229' title='bbox 737 3081 828 3135; x_wconf 77' lang='lat' dir='ltr'><strong>multo</strong></span> <span class='ocrx_word' id='word_1_230' title='bbox 846 3082 961 3152; x_wconf 78' lang='lat' dir='ltr'>propius</span> <span class='ocrx_word' id='word_1_231' title='bbox 975 3084 1013 3137; x_wconf 80' lang='lat' dir='ltr'><strong><em>ad</em></strong></span> <span class='ocrx_word' id='word_1_232' title='bbox 1027 3083 1153 3153; x_wconf 75' lang='lat' dir='ltr'>Epicteti</span> 
     </span>
     <span class='ocr_line' id='line_1_29' title="bbox 136 3151 1153 3222; baseline 0.001 -13"><span class='ocrx_word' id='word_1_233' title='bbox 136 3155 227 3209; x_wconf 80' lang='lat' dir='ltr'><strong>verba</strong></span> <span class='ocrx_word' id='word_1_234' title='bbox 249 3151 360 3207; x_wconf 77' lang='lat' dir='ltr'><strong>accedit</strong></span> <span class='ocrx_word' id='word_1_235' title='bbox 381 3151 564 3222; x_wconf 75' lang='lat' dir='ltr'><strong>paraphrasis</strong></span> <span class='ocrx_word' id='word_1_236' title='bbox 588 3151 749 3206; x_wconf 67' lang='lat' dir='ltr'>Sbobaeana</span> <span class='ocrx_word' id='word_1_237' title='bbox 771 3151 842 3218; x_wconf 90' lang='lat' dir='ltr'>(flor.</span> <span class='ocrx_word' id='word_1_238' title='bbox 862 3159 921 3222; x_wconf 82' lang='lat'>118,</span> <span class='ocrx_word' id='word_1_239' title='bbox 941 3161 1001 3212; x_wconf 62' lang='lat'><strong><em>201:</em></strong></span> <span class='ocrx_word' id='word_1_240' title='bbox 1024 3154 1153 3218; x_wconf 83' lang='grc' dir='ltr'><strong><em>θάνατος</em></strong></span> 
     </span>
     <span class='ocr_line' id='line_1_30' title="bbox 138 3221 1008 3296; baseline -0.002 -15"><span class='ocrx_word' id='word_1_241' title='bbox 138 3227 172 3281; x_wconf 83' lang='grc' dir='ltr'><strong><em>οό</em></strong></span> <span class='ocrx_word' id='word_1_242' title='bbox 192 3223 317 3296; x_wconf 79' lang='grc' dir='ltr'><strong><em>φοβερόν</em></strong></span> <span class='ocrx_word' id='word_1_243' title='bbox 334 3255 348 3263; x_wconf 94' lang='grc'>-</span> <span class='ocrx_word' id='word_1_244' title='bbox 361 3254 375 3263; x_wconf 95' lang='grc'>-</span> <span class='ocrx_word' id='word_1_245' title='bbox 388 3255 402 3263; x_wconf 94' lang='grc'>-</span> <span class='ocrx_word' id='word_1_246' title='bbox 420 3221 491 3276; x_wconf 83' lang='grc' dir='ltr'><strong><em>ἀλλὰ</em></strong></span> <span class='ocrx_word' id='word_1_247' title='bbox 508 3222 540 3276; x_wconf 87' lang='grc' dir='ltr'><strong><em>τὸ</em></strong></span> <span class='ocrx_word' id='word_1_248' title='bbox 559 3221 642 3288; x_wconf 84' lang='grc' dir='ltr'><strong><em>δόξαι</em></strong></span> <span class='ocrx_word' id='word_1_249' title='bbox 659 3222 709 3278; x_wconf 83' lang='grc' dir='ltr'><strong><em>τόν</em></strong></span> <span class='ocrx_word' id='word_1_250' title='bbox 727 3221 857 3278; x_wconf 84' lang='grc' dir='ltr'><strong><em>θάνατον</em></strong></span> <span class='ocrx_word' id='word_1_251' title='bbox 875 3243 914 3293; x_wconf 84' lang='grc' dir='ltr'><strong><em>φο</em></strong></span> <span class='ocrx_word' id='word_1_252' title='bbox 935 3223 1008 3293; x_wconf 84' lang='grc' dir='ltr'><strong><em>ερόν.</em></strong></span> 
     </span>
    </p>

    <p class='ocr_par' dir='ltr' id='par_1_10' title="bbox 212 3292 1133 3367">
     <span class='ocr_line' id='line_1_31' title="bbox 212 3292 1133 3367; baseline 0.001 -17"><span class='ocrx_word' id='word_1_253' title='bbox 212 3302 244 3350; x_wconf 87' lang='grc'><strong><em>18</em></strong></span> <span class='ocrx_word' id='word_1_254' title='bbox 263 3295 374 3363; x_wconf 80' lang='lat' dir='ltr'><strong>Fragm.</strong></span> <span class='ocrx_word' id='word_1_255' title='bbox 393 3293 477 3362; x_wconf 78' lang='lat' dir='ltr'>Trag.</span> <span class='ocrx_word' id='word_1_256' title='bbox 496 3292 596 3346; x_wconf 79' lang='lat' dir='ltr'>Nauck</span> <span class='ocrx_word' id='word_1_257' title='bbox 614 3293 717 3363; x_wconf 85' lang='lat' dir='ltr'>Adesp.</span> <span class='ocrx_word' id='word_1_258' title='bbox 734 3298 767 3348; x_wconf 87' lang='lat'><strong><em>88</em></strong></span> <span class='ocrx_word' id='word_1_259' title='bbox 788 3293 903 3364; x_wconf 80' lang='lat' dir='ltr'>(Menan</span> <span class='ocrx_word' id='word_1_260' title='bbox 939 3295 945 3306; x_wconf 86' lang='lat'><strong>&#39;</strong></span> <span class='ocrx_word' id='word_1_261' title='bbox 967 3295 1042 3351; x_wconf 85' lang='lat' dir='ltr'><strong>Mon.</strong></span> <span class='ocrx_word' id='word_1_262' title='bbox 1059 3299 1133 3367; x_wconf 81' lang='lat'>504).</span> 
     </span>
    </p>
   </div>
   <div class='ocr_carea' id='block_1_8' title="bbox 137 3413 352 3425">
    <p class='ocr_par' dir='ltr' id='par_1_11' title="bbox 137 3413 352 3425">
     <span class='ocr_line' id='line_1_32' title="bbox 137 3413 352 3425; baseline -0.023 0"><span class='ocrx_word' id='word_1_263' title='bbox 137 3413 352 3425; x_wconf 52' lang='grc' dir='ltr'><strong><em>ἐι-</em></strong></span> 
     </span>
    </p>
   </div>
   <div class='ocr_carea' id='block_1_9' title="bbox 138 3484 1149 3635">
    <p class='ocr_par' dir='ltr' id='par_1_12' title="bbox 138 3484 1149 3635">
     <span class='ocr_line' id='line_1_33' title="bbox 210 3484 1149 3560; baseline -0.002 -17"><span class='ocrx_word' id='word_1_264' title='bbox 210 3497 226 3544; x_wconf 82' lang='grc'><strong>3</strong></span> <span class='ocrx_word' id='word_1_265' title='bbox 250 3485 448 3559; x_wconf 75' lang='grc' dir='ltr'><strong><em>ἀπροαιρέτως</em></strong></span> <span class='ocrx_word' id='word_1_266' title='bbox 471 3487 649 3542; x_wconf 69' lang='grc' dir='ltr'><strong><em>Μτίδοκιίαεε</em></strong></span> <span class='ocrx_word' id='word_1_267' title='bbox 676 3487 904 3560; x_wconf 79' lang='grc' dir='ltr'><strong><em>ἀπροαιρετικοῑς</em></strong></span> <span class='ocrx_word' id='word_1_268' title='bbox 926 3488 949 3544; x_wconf 79' lang='lat' dir='ltr'><strong><em>S</em></strong></span> <span class='ocrx_word' id='word_1_269' title='bbox 986 3491 996 3558; x_wconf 93' lang='grc' dir='ltr'><strong><em>ΙΙ</em></strong></span> <span class='ocrx_word' id='word_1_270' title='bbox 1037 3494 1070 3542; x_wconf 92' lang='grc'><strong><em>11</em></strong></span> <span class='ocrx_word' id='word_1_271' title='bbox 1100 3484 1149 3558; x_wconf 77' lang='grc' dir='ltr'><strong><em>ἀφ’</em></strong></span> 
     </span>
     <span class='ocr_line' id='line_1_34' title="bbox 138 3557 703 3635; baseline -0.009 -17"><span class='ocrx_word' id='word_1_272' title='bbox 138 3564 215 3635; x_wconf 73' lang='grc' dir='ltr'><strong><em>αὐτῷ</em></strong></span> <span class='ocrx_word' id='word_1_273' title='bbox 234 3561 262 3621; x_wconf 79' lang='lat' dir='ltr'><strong><em>Sc</em></strong></span> <span class='ocrx_word' id='word_1_274' title='bbox 293 3561 302 3628; x_wconf 75' lang='grc' dir='ltr'><strong><em>ΙΙ</em></strong></span> <span class='ocrx_word' id='word_1_275' title='bbox 335 3565 367 3613; x_wconf 77' lang='lat'><strong><em>12</em></strong></span> <span class='ocrx_word' id='word_1_276' title='bbox 387 3557 516 3627; x_wconf 77' lang='grc' dir='ltr'><strong><em>ἔκκλησιν</em></strong></span> <span class='ocrx_word' id='word_1_277' title='bbox 535 3558 567 3613; x_wconf 83' lang='lat' dir='ltr'><strong><em>S:</em></strong></span> <span class='ocrx_word' id='word_1_278' title='bbox 586 3575 655 3613; x_wconf 85' lang='grc' dir='ltr'><strong><em>οονν.</em></strong></span> <span class='ocrx_word' id='word_1_279' title='bbox 675 3559 703 3620; x_wconf 61' lang='grc' dir='ltr'><strong><em>δ,</em></strong></span> 
     </span>
    </p>
   </div>
   <div class='ocr_carea' id='block_1_10' title="bbox 0 0 1330 3922">
    <p class='ocr_par' dir='ltr' id='par_1_13' title="bbox 0 0 1330 3922">
     <span class='ocr_line' id='line_1_35' title="bbox 0 0 1330 3922; baseline 0 0"><span class='ocrx_word' id='word_1_280' title='bbox 0 0 1330 3922; x_wconf 95' lang='lat' dir='ltr'><strong><em> </em></strong></span> 
     </span>
    </p>
   </div>
  </div>
 </body>
</html>
