2636 3922
112 205 152 261 (11,
165 211 186 261 4,
200 209 261 260 τ-ε,
275 203 297 256 2)
384 195 537 248 BIBAION
554 195 755 249 AETTEPON.
780 193 819 249 δ’.
839 194 875 250 ε’.
1063 195 1128 260 113

111 355 203 440 κάγὼ
226 355 320 439 λέγω.
366 352 422 421 καί
443 351 513 442 [γάρ
537 356 575 421 τὸ
597 357 762 441 χοιρίδιον
784 359 900 424 κοινὸν
923 368 990 424 τῶν
1012 363 1129 443 κεκλη-

111 461 237 546 μένων·
266 457 338 527 άλλ’
366 461 445 526 ὅταν
473 460 555 546 μέρη
578 460 729 546 γένηται,
754 462 798 529 ἂν
821 479 874 530 σοι
896 472 1003 549 φανῇ,
1026 463 1129 550 άνάρ-

110 586 221 634 πασον
255 567 366 633 ἐλθὼν
402 568 440 633 τὸ
472 575 532 633 τοῦ
563 566 889 655 παρακατακειμένου
922 567 1037 656 μέρος,
1070 571 1128 636 λά-

110 681 181 758 θρα
204 671 329 752 κλέψου
351 665 372 757 ἢ
395 670 602 758 παρακαθείς
624 675 685 759 τὴν
708 686 801 760 χεῖρα
824 677 968 760 λίχνευε,
995 674 1059 741 κάν
1082 678 1127 762 μὴ
1206 689 1209 702 ’

84 782 200 868 εδύνη
228 788 289 846 τοῦ
316 777 420 865 κρέως
447 777 651 863 ἀποσπάσαι,
680 783 810 874 λίπαινε
839 782 917 856 τοὺς
944 780 1129 858 δακτύλους

112 885 168 953 καί
196 890 370 972 περίλειχε.
419 886 520 962 καλὸς
547 888 717 970 συμπότης
743 883 799 952 καί
826 885 1026 963 σύνδειπνος
1053 891 1128 953 Σω-

111 994 276 1079 κρατικός.
321 993 396 1075 ίίγε,
425 993 463 1057 τὸ
492 987 531 1056 δὲ
556 989 703 1076 θέατρον
731 991 792 1058 οὐκ
821 994 890 1057 ἔστι
916 993 1034 1058 κοινὸν
1060 1003 1164 1061 τῶνυ

111 1104 273 1177 πολιτῶν;
303 1098 383 1164 όταν
410 1092 473 1163 ούυ
499 1101 702 1182 καθίσωσιν,
731 1097 858 1182 ἐλθών,
885 1099 927 1163 άν
950 1113 1004 1163 σοι
1027 1108 1129 1185 φανῇ,

113 1202 234 1289 ἔκβαλέ
254 1227 329 1270 τινα
352 1203 471 1269 αὐτῶν.
517 1204 603 1271 οὕτω
626 1201 682 1269 καί
704 1205 743 1270 αί
761 1215 916 1289 γυναῖκες
937 1205 1038 1289 φύσει
1060 1229 1129 1271 κοι-
1149 1223 1185 1272 1ο

72 1333 98 1372 ιο
112 1315 179 1376 ναί.
226 1310 306 1375 ὅταν
334 1307 364 1374 δ’
393 1311 412 1377 ὁ
433 1307 620 1394 νομοθέτης
646 1311 691 1388 ὡς
719 1307 878 1396 ἑστιάτωρ
901 1308 993 1396 διέλη
1017 1309 1129 1394 αὐτάς,

113 1417 155 1482 ού
178 1414 290 1493 θέλεις
311 1414 367 1481 καί
390 1415 489 1492 αὐτὸς
509 1417 597 1482 ίδιον
615 1414 714 1500 μέρος
733 1419 851 1500 ζητεῖν,
873 1414 958 1481 ἄλλά
976 1418 1013 1482 τὸ
1032 1417 1130 1483 άλλό-

112 1545 208 1607 τριον
230 1521 432 1607 ύφαρπάζεις
453 1518 509 1585 καὶ
532 1522 708 1606 λιχνεύεις;
740 1520 836 1587 εάλλδι
859 1523 1038 1606 φιλόλογός
1060 1525 1128 1607 είμι
1148 1541 1182 1588 11

112 1626 170 1694 καὶ
189 1625 392 1713 Ἀρχέδημον
415 1627 504 1692 νοῶ.’
547 1623 750 1711 Ἀρχέδημον
773 1630 889 1694 τοίνυν
906 1639 997 1694 νοῶν
1015 1631 1130 1714 μοιχὸς

115 1739 188 1798 ἴσθι
212 1731 268 1799 καί
290 1734 427 1810 ἄπιστος
448 1730 597 1798 καλόντί
616 1730 957 1825 όνθρώπουλύηοςῆ
977 1737 1130 1818 πίθηκος.

71 1861 99 1900 15
114 1842 150 1904 τί
169 1839 232 1924 γάρ
257 1840 390 1918 κωλύεις

182 2243 222 2312 ε’.
259 2249 348 2322 Πῶς
370 2243 614 2329 συνυπάρχει
641 2243 971 2328 μεγαλοφροσύνη
1000 2243 1064 2310 καί

518 2345 729 2433 ἐπιμέλεια.

182 2493 231 2558 Ac
251 2488 329 2557 ὗλαι
351 2489 548 2576 ἀδιάφοροι,
576 2489 597 2573 ἡ
622 2485 659 2554 δὲ
681 2497 796 2575 χρῆσις
819 2488 928 2555 αὐτῶν
951 2487 1013 2554 οὐκ
1035 2489 1128 2554 άδιοί-
1149 2453 1167 2557 1'

114 2622 228 2684 φορος.
273 2608 342 2674 πῶς
364 2590 426 2662 οὖν
448 2599 574 2682 τηρηση
596 2618 646 2671 τις
669 2596 735 2679 ἅμα
753 2591 814 2679 μὲν
833 2595 870 2660 τὸ
892 2591 1051 2672 εὐσταθὲς
1073 2593 1165 2662 καλε

71 2726 100 2766 το
114 2704 297 2789 άτάραχον,
326 2703 393 2788 ἅμα
423 2699 460 2768 δὲ
489 2705 526 2768 τὸ
559 2697 709 2786 ἐπιμελὲς
737 2698 793 2765 καί
820 2701 865 2785 μὴ
892 2702 1018 2767 είααϊον
1046 2698 1122 2787 μηδ’
1158 2791 1160 2794 Ι

114 2837 329 2848 .....-..---

188 2921 276 2982 1sqq.
296 2912 331 2967 cf.
354 2910 504 2967 Ench.15:
531 2909 668 2981 Μέμνησο
692 2907 735 2964 ότι
753 2903 790 2972 ὧς
812 2903 844 2964 έν
863 2905 1006 2980 συμποσίῳ
1029 2926 1059 2964 τε
1084 2911 1134 2964 δεῖ

114 2982 355 3055 ἀναστρέφεσθαι.
392 2981 615 3053 περιφερόμενον
633 3015 647 3023 -
665 3013 679 3022 -
696 3013 711 3022 -
734 2979 811 3036 ούιτω
835 2978 910 3048 &um
937 2979 973 3050 μὴ
997 2974 1128 3052 ἐπίβαλλε

10 3103 11 3116 ,
113 3056 210 3127 πόρρω
238 3055 290 3124 τὴν
318 3053 423 3124 όρεξιν·
456 3053 526 3107 ἀλλὰ
547 3055 692 3124 περίμενε,
725 3049 759 3121 μέ
776 3071 819 3122 ρις
841 3049 877 3106 ἂν
905 3049 1023 3121 γένηται
1050 3051 1124 3105 κατά

115 3145 154 3182 σε.
193 3125 265 3182 οὕτω
287 3155 301 3166 -
318 3156 333 3166 -
349 3157 364 3168 -
386 3123 456 3194 πρὸς
478 3131 599 3193 γυναῖκα
623 3155 636 3166 -
650 3155 692 3164 --
719 3072 776 3176 καί
796 3120 844 3192 έση
869 3121 938 3176 ποτὲ
966 3121 1044 3187 ἄξιος
1072 3130 1128 3176 τῶν

114 3203 194 3254 θεῶν
219 3194 369 3267 συμπότης.
406 3198 554 3264 praeterea
577 3195 611 3248 cf.
631 3193 731 3262 fragm,
756 3177 842 3262 ms,
871 3191 956 3246 Enoh.
973 3198 1007 3246 36
1035 3193 1065 3246 et
1092 3192 1128 3246 de

114 3269 230 3337 virtute,
246 3283 331 3336 quam
346 3264 520 3335 συμποτικόν
538 3265 679 3320 vocabant
693 3262 790 3332 Stoici,
810 3263 886 3318 Βίου.
899 3263 949 3319 ecl.
960 3261 994 3331 11,
1011 3269 1035 3331 ἵ,
1051 3261 1090 3317 5¹³.
1103 3269 1129 3318 9.

113 3387 330 3398 ——-—-—

189 3486 205 3533 3
226 3474 318 3534 έίίδὼν
331 3479 407 3550 Πμί..’
421 3477 583 3534 ἀνελθὼνδ
602 3479 612 3547 u
635 3483 651 3532 6
666 3477 804 3546 περίλειχε
819 3475 840 3530 S
855 3476 915 3542 (sed
928 3493 954 3528 ει
968 3491 986 3528 α
1001 3474 1031 3535 δι
1047 3490 1127 3542 corr„

169 3651 188 3690 E
190 3658 294 3688 τττττττ
296 3657 315 3689 ε.
951 3639 967 3686 8
