2608 3928
182 169 249 233 410
297 143 301 152 .
350 173 383 223 A.
414 169 732 221 DISSERTATIONUM
751 167 1028 221 EPICTETEARUM

181 332 260 397 visis
289 352 415 416 semper
446 329 577 413 habuit,
606 333 643 393 ut
674 329 713 394 de
745 328 879 393 minime
911 326 1109 410 metuendis,
1140 326 1197 392 sed
1287 283 1289 378 i

181 439 289 503 fronte
311 437 395 501 falsa
418 441 451 502 et
474 435 646 501 formidine
669 435 759 500 inani
782 433 1031 503 territantibus’.

128 564 160 614 21
247 543 334 610 Haec
360 544 537 626 Epictetum
561 542 781 626 philosophum
808 563 845 608 ec
872 543 996 608 decretis
1022 540 1197 622 Stoicorum
1209 556 1232 595 ³⁵

180 653 310 718 sensisse
333 657 421 734 atque
443 651 567 733 desisse,
590 651 626 714 ic
647 670 689 728 eo,
712 671 772 732 pcc
794 651 871 728 dici,
895 648 1133 730 tibro'tepimus.

1290 773 1291 822 i

542 844 573 910 X
600 841 719 930 (Schw.¹
745 841 831 930 179).
1287 845 1291 894 i

247 972 443 1038 Favorinum
456 989 508 1051 epo
521 970 630 1035 audivi
644 971 742 1035 dicere
754 969 964 1050 Epictetum
976 967 1197 1050 philosophum

180 1079 295 1144 dimisse
302 1077 474 1162 plerosque
482 1075 576 1160 istos,
589 1075 645 1160 qui
654 1075 879 1160 philosophari
887 1074 1083 1159 viderentur,
1091 1073 1198 1158 philo

181 1184 301 1269 sophos
325 1205 395 1248 esse
419 1181 614 1246 eiuscemodi
637 1181 731 1246 ‘dccv
753 1191 814 1247 τοῦ
832 1180 997 1265 πράττειν,
1021 1178 1118 1267 μέχρι
1135 1190 1197 1246 τοῦ

147 1309 163 1356 2
182 1287 303 1374 λέγειν’
326 1290 377 1371 (id
396 1289 553 1372 siginificat
576 1288 679 1368 ‘factis
696 1289 815 1369 procat,
842 1288 941 1353 emtis
968 1286 1091 1370 mnas).
1130 1289 1198 1351 iam

181 1398 262 1462 iliud
282 1401 327 1462 cst
349 1395 558 1473 cccccccccc,
581 1396 664 1477 quod
685 1396 847 1460 Arrianus
868 1395 994 1460 solitum
1016 1415 1084 1459 cum
1108 1395 1196 1460 dicti
1223 1419 1234 1457 s

182 1509 247 1567 turc
273 1503 309 1566 in
336 1502 437 1585 tetris,
466 1520 541 1584 quos
568 1503 605 1566 de
635 1501 901 1566 disserwtcoaibus
927 1503 994 1565 cics
1020 1503 1196 1583 composuit,

146 1629 162 1676 3
180 1611 329 1691 scriptum
345 1609 478 1690 reliquit.
513 1629 597 1690 acm,
618 1629 702 1692 oum,
720 1608 830 1690 inquit,
849 1607 1121 1672 animadverterat
1139 1607 1197 1672 ho

180 1716 300 1781 minem
326 1716 449 1801 pudore
473 1713 603 1799 amisso,
633 1713 810 1798 inportuna
836 1713 1006 1798 industria,
1033 1713 1195 1798 corruptis

179 1822 335 1907 moribus,
353 1823 516 1905 audacem,
532 1820 746 1886 confidentem
764 1819 877 1906 lingua
896 1824 1067 1904 ceteraque
1086 1820 1196 1884 omnia
1294 1857 1295 1860 =

178 1933 406 2014 praeterquam
425 1926 567 1991 animam
580 1930 819 2011 procurantem,
831 1925 1017 1992 istiusmodi
1028 1926 1195 1992 hominem
1211 1950 1234 1989 m
1295 1940 1296 1976 t

180 2056 254 2099 oum
272 2033 398 2097 viderat
420 2031 528 2096 studia
551 2054 678 2116 quoqne
703 2036 735 2096 et
758 2033 945 2119 disciplinas
967 2033 1195 2118 philosophiae
1295 1981 1296 2058 i

180 2143 380 2205 contrectare
418 2142 451 2203 et
483 2138 618 2224 physica
650 2138 738 2202 adire
778 2143 811 2203 et
842 2139 994 2204 meditari
1026 2140 1196 2205 dialectica

181 2244 347 2329 multaque
369 2245 403 2310 id
422 2267 524 2332 genus
548 2245 749 2310 theoremata
772 2245 934 2330 auspicari
957 2247 1196 2332 sciscitarique:

178 2352 377 2417 inclamabat
396 2353 492 2418 deum
515 2357 612 2436 atque
634 2352 802 2417 hominum
823 2353 921 2418 fidem
944 2376 981 2419 ac
1003 2354 1195 2440 plerumque

178 2458 264 2524 inter
279 2460 483 2525 clamandum
496 2459 548 2524 his
563 2482 637 2524 eum
650 2459 757 2525 verbis
772 2460 974 2546 increpabat:
994 2458 1195 2545 ‘Crescens
1209 2481 1235 2520 m

179 2577 244 2632 ποῦ
271 2566 419 2650 potitam
448 2565 583 2649 σκέψαι,
612 2569 643 2631 st
668 2566 869 2653 κεκάθαρται
891 2569 929 2632 τὸ
957 2566 1103 2650 ἀγγεῖον.
1150 2566 1194 2632 dv

180 2672 243 2756 γὰρ
271 2675 318 2750 εἰς
344 2674 406 2756 τὴν
429 2679 541 2757 οἴησιν
563 2671 646 2737 αὐτὰ
670 2673 809 2759 pilipp,
838 2669 999 2738 damisco·
1029 2673 1071 2756 ἣν
1093 2682 1196 2758 σαπῇ,

145 2773 286 2864 4οὖρον
313 2778 333 2862 ἢ
357 2779 432 2857 ὄξος
458 2777 588 2862 γένοιτο
615 2776 636 2861 ἢ
666 2785 749 2843 εἴτι
772 2781 900 2846 τούτων
925 2779 1059 2864 χεῖρον]
1115 2781 1196 2844 cccc

174 2887 310 2966 profect)
332 2885 382 2950 icis
403 2886 501 2951 certis
520 2885 657 2967 pravius,
680 2885 760 2950 citii
781 2887 900 2950 scrius:
924 2887 1034 2968 quibus
1056 2887 1195 2952 molare

179 2991 232 3054 bct
262 2992 419 3054 mocimus
445 2990 697 3073 philosophorum
728 2990 855 3055 litteras
890 2995 987 3076 atque
1028 2991 1194 3057 doctrinas
1210 3012 1236 3050 so

178 3095 418 3181 philosophiae,
447 3119 520 3162 cum
541 3096 577 3160 in
599 3095 765 3162 hominem
789 3097 909 3162 falsum
937 3103 1034 3182 atque
1058 3099 1197 3185 degens

179 3224 247 3266 rem
281 3205 449 3285 tamquam
480 3203 517 3266 in
547 3225 604 3266 vas
633 3225 784 3287 spurcum
817 3207 915 3288 atque
946 3205 1111 3290 pollutum
1146 3205 1196 3269 in-

179 3306 358 3392 duxissent,
380 3307 473 3391 verti,
495 3307 629 3391 mutari,
653 3309 815 3394 corrumpi
843 3314 877 3374 et
903 3308 997 3397 (qaod
1013 3313 1078 3393 ipsc
1100 3335 1196 3377 κυνι-

178 3414 363 3422 ——n———-.
382 3417 388 3420 .

249 3461 283 3543 .X·
298 3463 343 3542 34.
361 3463 467 3542 Gellius
480 3461 560 3518 Noct.
575 3463 633 3519 Act.
649 3465 752 3533 XVII,
765 3470 801 3519 19
820 3469 833 3554 p
857 3472 889 3520 10
908 3466 1034 3521 animum
1051 3474 1078 3522 ct
1095 3466 1197 3522 istius-

180 3531 410 3604 mod1<mqu1t>
430 3533 635 3602 coddproetcr
655 3535 705 3604 QZ
729 3537 738 3604 ΙΙ
768 3542 799 3591 17
818 3555 854 3604 ην
873 3539 947 3593 edd:
965 3557 983 3590 n
1002 3539 1044 3598 oct
1060 3557 1095 3591 nc
1115 3540 1195 3594 codd.
