2636 3930
166 192 233 256 234
311 191 494 245 APPIANOT
511 191 585 244 ΤΩΝ
603 193 821 244 ΕΠΙΚΤΗΤΟΤ
839 191 1035 244 ΔΙΑΤΡΙΒΩΝ

164 353 219 421 καὶ
242 355 310 420 ἔστι
333 355 580 439 παρερχόμενον
603 352 684 419 αὐτὸ
708 357 836 438 λαβείν;
861 353 893 418 εί
915 352 1068 438 δύνασαι,
1098 353 1183 439 λάμ-

164 465 255 546 βανε.
1302 499 1303 504 1

113 583 145 632 ιν
232 563 303 632 Εἶτ’
331 566 416 653 ἐρεῖς
439 563 637 650 συνέβαλον
657 563 836 655 Ἐπικτήτῳ
865 567 909 644 ὡς
932 569 1031 656 λίθῳ,
1055 567 1099 644 ὡς
1122 565 1182 634 ἀν-
1302 557 1304 632 λ

166 673 317 760 δριάντά.
363 667 450 750 εἶδες
476 672 539 758 γάρ
568 695 607 757 με
635 670 690 736 καὶ
717 672 821 738 πλέον
848 671 959 738 οὐδέν.
1009 672 1181 763 ἀνθρώπῳ

165 777 195 846 δ’
219 781 264 857 ὡς
287 778 456 867 ἀνθρώπῳ
476 779 658 863 συμβάλλει
681 779 700 844 ὁ
723 779 763 844 τά
787 781 935 865 δόγματα
958 779 1061 846 αὐτοῦ
1081 804 1180 846 κατα-
1210 798 1223 839 ⁵
1303 833 1305 858 ,

112 902 146 950 13
165 887 350 971 μανθάνων
376 884 431 951 καὶ
462 885 498 951 έν
522 894 566 972 τῳ
592 883 684 971 μέρει
706 886 747 950 τά
770 886 839 951 ίδια
863 887 1036 952 δεικνύων.
1082 887 1181 952 κατά·
1305 954 1306 978 2

164 991 255 1078 μαθέ
271 1018 335 1078 μου
358 993 399 1058 τά
418 994 577 1076 δόγματα,
600 990 711 1069 δεῖξόν
729 1015 786 1076 μοι
804 992 844 1057 τά
864 993 905 1057 σά
923 993 979 1057 καί
997 991 1085 1058 οὕτω
1104 991 1180 1077 λέγε

165 1097 429 1184 συμβεβλήκέναι
457 1120 522 1181 μοι.
574 1095 757 1180 έλέγξωμεν
784 1096 961 1182 ἀλλήλους·
994 1105 1029 1164 εί
1055 1122 1088 1163 τι
1115 1101 1179 1185 ἔχω

163 1208 267 1270 κακὸν
286 1206 406 1289 δόγμα,
425 1204 526 1288 ἀφελε
545 1203 638 1270 αὐτό·
659 1210 692 1268 εί
706 1228 738 1270 τι
757 1206 852 1290 ἔχεις,
871 1202 931 1282 θὲς
949 1206 997 1282 είς
1014 1208 1051 1272 τὸ
1066 1204 1179 1290 μέσον.

113 1326 145 1376 14
163 1314 262 1377 τοῦτό
285 1310 354 1376 ἐστι
377 1309 553 1398 φιλοσόφῳ
577 1310 790 1394 συμβάλλειν.
836 1312 890 1378 οὔ·
914 1310 997 1377 ἀλλά
1022 1310 1180 1399 επάροδός
1196 1328 1223 1368 1⁰

165 1416 234 1482 έστι
265 1414 321 1482 καὶ
353 1416 415 1494 ἕως
447 1418 483 1482 τὸ
512 1421 630 1483 πλοῖον
657 1418 889 1503 μισθούμεθα,
922 1418 1096 1503 δυνάμεθα
1123 1417 1180 1484 καὶ

160 1519 353 1606 Ἐπίκτητον
373 1524 471 1589 ίδεῖν·
496 1525 632 1607 ίδωμεν,
655 1526 690 1588 τί
705 1543 783 1588 ποτε
802 1521 912 1606 λέγει’.
950 1519 1007 1590 εἶτ’
1032 1523 1180 1603 ἐξελθὼν

164 1625 278 1694 “οάδὲν
308 1625 352 1713 ήν
389 1630 406 1696 ὁ
442 1626 648 1713 Ἐπίκτητος,
686 1628 905 1715 ἐσολοίκιζεν,
942 1629 1179 1717 έβαρβάριζενῖ

47 1805 49 1809 ,
112 1752 144 1802 15
163 1739 255 1813 τίνος
272 1737 335 1823 γάρ
355 1738 458 1804 ἀλλον
477 1735 586 1823 κριταὶ
604 1733 808 1821 είσέρχεσθε;
835 1733 918 1802 ἀλλ’
941 1736 984 1802 ἀν
1002 1738 1085 1825 πρὸς
1102 1737 1179 1804 τού-

163 1841 256 1926 τοις’,
278 1846 393 1929 ῳήσίν,
417 1839 467 1927 ³0³2,
490 1842 596 1929 ἀγρὸν
619 1842 680 1929 οὐχ
704 1841 765 1920 ἔξω
790 1843 834 1920 ὡς
857 1840 936 1909 οὐδὲ
959 1844 1014 1928 σύ,
1036 1845 1179 1930 ποτήρια
1194 1857 1221 1898 1⁵

165 1948 294 2035 ἀργυρά
317 1949 378 2036 οὐχ
402 1949 463 2028 ἔξω
483 1949 527 2027 ὡς
551 1945 633 2015 οὐδὲ
652 1949 706 2033 σά,
728 1952 829 2034 κτήνη
849 1951 933 2015 καλά
952 1951 997 2028 ὡς
1015 1946 1095 2015 οὐδὲ
1114 1949 1178 2016 σό.’

112 2073 145 2122 16
164 2058 247 2142 πρὸς
268 2065 369 2122 ταῦτα
394 2061 473 2132 ἴσως
495 2053 591 2141 ἀρκεῖ
610 2053 718 2120 έκεῖνο
742 2045 848 2120 είπελν
872 2055 923 2120 ὅτι
946 2053 1041 2120 εἀλλά
1064 2057 1179 2141 χρείαν

164 2161 274 2226 αὐτῶν
298 2161 359 2226 οὐκ
383 2163 460 2247 ἔχω’
485 2163 527 2226 σὺ
551 2158 581 2226 δ’
609 2159 651 2227 ἀν
672 2163 778 2227 πολλά
796 2164 911 2246 κτήσῃ,
934 2161 1045 2226 ἀλλων
1063 2163 1178 2247 χρείαν

113 2283 144 2335 17
164 2270 259 2354 ἔχεις,
277 2266 400 2352 θέλεις,
419 2266 460 2332 οὐ
475 2264 596 2350 θέλεις,
615 2269 820 2353 πτωχότερός
837 2266 924 2352 μον’.
941 2303 980 2316 -
1001 2269 1100 2342 Τίνος
1115 2261 1179 2333 οὖν

164 2375 226 2460 ἔχω
250 2376 377 2461 χρείαν;
408 2411 444 2420 -
474 2377 542 2440 Τοῦ
565 2372 618 2440 σοὶ
641 2374 686 2458 μή
708 2377 885 2460 παρόντος
908 2383 969 2439 τοῦ
987 2373 1178 2455 εὐσταθεῖν,
1193 2398 1221 2438 εο

71 2543 77 2558 ,
163 2490 223 2547 τοῦ
250 2482 331 2546 κατά
359 2481 464 2566 φύσιν
492 2482 579 2564 ἔχειν
610 2481 672 2564 τήν
700 2481 868 2563 διάνοιαν,
900 2487 961 2546 τοῦ
989 2481 1033 2564 μή
1061 2479 1178 2565 ταράτ-

112 2605 144 2653 18
163 2593 290 2653 τεσθαι.
335 2587 482 2673 πάτρων,
505 2585 546 2652 οὔ
568 2585 715 2673 πάτρων,
738 2589 774 2651 τί
793 2606 850 2670 μοι
872 2584 978 2670 μέλεα
1004 2583 1058 2651 σοὶ
1076 2582 1178 2669 μέλει.

163 2694 406 2778 πλουσιώτερός
429 2708 490 2758 σου
514 2693 594 2776 είμί·
619 2692 680 2758 οὐκ
702 2691 835 2776 ἀγωνιῶ
861 2697 896 2758 τί
916 2695 1078 2778 φρονήσει
1100 2689 1177 2771 περὶ

165 2798 247 2883 ἐμοῦ
265 2799 283 2864 ὁ
302 2800 446 2884 Καίσαρ·
465 2797 588 2864 οὐδένα
606 2800 775 2875 κολακεύω
793 2799 915 2864 τούτου
934 2798 1039 2864 ἕνεκα.
1074 2806 1176 2864 ταῦτα

164 2908 227 2991 ἔχω
255 2902 329 2970 ἀντὶ
356 2916 423 2970 τῶν
451 2904 714 2991 ἀργυρωμάτων,
745 2904 819 2971 ἀντὶ
846 2917 914 2972 τῶν
940 2905 1176 2992 χρυσωμάτων.
1191 2925 1217 2966 τε

164 3014 205 3077 σὺ
229 3020 335 3098 χρυσᾶ
359 3012 476 3095 σκεύη,
503 3011 703 3097 ὀστράκινον
729 3012 929 3095 τὸνλόγον,
956 3013 996 3077 τά
1020 3013 1178 3096 δόγματα,
1310 3061 1311 3072 ,

112 3136 144 3186 19
163 3119 221 3195 τάς
243 3117 516 3203 συγκαταθέσεις,
543 3119 601 3195 τάς
627 3118 746 3204 ὁρμάς,
773 3119 830 3195 τὰς
860 3117 991 3204 ὀρέξεις.
1038 3118 1117 3184 ὅταν
1141 3113 1179 3182 δὲ

236 3273 463 3345 1παρεχόμενον
482 3275 513 3331 S:
533 3291 635 3330 τόντε
675 3275 685 3344 ss
725 3275 848 3329 δύνασαι
866 3275 889 3331 S
904 3277 945 3347 (α,
966 3293 980 3330 e
998 3277 1077 3344 corr.)
1115 3277 1124 3342 ΙΙ
1161 3281 1178 3328 3

163 3343 334 3418 συνέβαλλον
353 3347 386 3402 S:
404 3363 502 3402 eorm
540 3349 549 3416 ΙΙ
587 3353 621 3401 14
640 3344 817 3416 είσέρχεσθαι
836 3345 868 3401 S:
886 3363 954 3403 συντ.
973 3364 1008 3403 m.
1024 3364 1070 3416 pr.
1102 3348 1112 3414 ΙΙ
1145 3351 1177 3399 19

164 3435 217 3487 μου
236 3414 309 3489 (sl)
327 3434 341 3472 s
367 3421 377 3487 ή
404 3423 438 3471 25
457 3420 489 3472 in
505 3433 539 3472 εε.
555 3421 667 3472 18-20
681 3419 805 3474 ordinem
821 3421 1019 3474 ειυίικίίαταιιι
1036 3418 1179 3473 herbatum

164 3489 326 3616 essgatsff
350 3489 480 3559 τάχιοτα,
502 3493 567 3557 post
593 3486 759 3558 ὀστράκινον
783 3493 818 3558 (υ.
839 3492 890 3556 2⁶)
914 3489 1024 3559 aliquid
1045 3488 1178 3545 excidisse

159 3576 201 3629 γα
317 3575 346 3614 ιτ
