2650 3930
133 190 179 247 (11,
193 195 212 246 ο,
227 194 314 246 ιε-ιο,
329 189 351 240 ι)
400 179 555 233 ΒΙΒΔΙΟΝ
572 178 772 232 ΔΕΊἹῈΡΟΝ.
791 175 836 233 θ’.
860 175 893 236 ι’.
1087 178 1149 242 131

64 351 66 353 ’
134 342 220 408 ἀλλα
243 336 508 425 ὑποτεταγμένα,
537 338 643 424 αὐτὴν
666 335 697 406 δ’
724 339 928 406 ἀδούλευτον
950 338 1005 406 καὶ
1029 339 1153 408 ἀνυπό-

133 471 265 514 τακτον.
320 449 435 512 σκόπει
458 441 546 531 οὖν,
584 449 687 520 τίνων
718 448 895 534 κεχώρισαι
925 449 1007 512 κατὰ
1039 450 1187 530 λόγονν

133 556 312 641 κεχύρισαι
334 557 482 640 θηρίων,
509 554 684 639 κεχώρισαι
711 553 897 638 προβάτων.
943 551 997 618 ἐπὶ
1024 553 1186 631 τούτοιςε

134 665 272 743 πολίτης
298 655 331 724 εί
355 669 416 726 τοῦ
443 661 571 744 κόσμου
593 655 649 724 καὶ
672 656 771 744 μέρος
793 658 913 743 αὐτοῦ,
940 659 1001 744 ούχ
1024 659 1061 724 ἓν
1084 671 1152 725 τῶν

107 767 360 853 οὑπηρετικῶν,
387 765 473 830 ἀλλὰ
498 775 566 830 τῶν
593 762 869 850 προηγουμένων·
897 770 1152 850 παρακολουθη-

134 874 226 950 τικὸς
253 873 317 956 γὰρ
347 865 380 937 εἷ
400 880 439 958 τῇ
462 873 541 959 θεία
564 871 726 955 διοικήσει
748 869 804 936 καί
826 880 887 936 τοῦ
911 868 984 954 ἑξῆς
1007 870 1151 955 ἐπιλογι-

135 981 255 1055 στικός.
300 981 350 1055 τίς
372 972 434 1043 οὖν
458 976 635 1060 ἐπαγγελία
657 978 810 1055 πολίτου;
841 972 946 1061 μηδὲν
969 979 1057 1062 ἔχειν
1080 978 1187 1066 ίδίρι4

136 1081 326 1171 συμφέρον,
358 1081 434 1168 περὶ
466 1085 609 1168 μηδενὸς
640 1084 865 1168 βουλεύεσθαι
897 1083 942 1161 ὡς
973 1083 1151 1167 ἀπόλυτον,

135 1189 208 1257 ἀλλ’
236 1192 345 1274 ὥσπερ
373 1192 431 1274 ἀν,
459 1191 491 1255 εί
516 1188 537 1272 ἡ
565 1186 637 1275 χεὶρ
664 1188 685 1273 ἢ
713 1189 732 1256 ὁ
759 1193 843 1267 ποὺς
871 1192 1032 1274 λογισμὸν
1059 1185 1151 1277 είχον

95 1325 121 1364 ιο
134 1296 191 1364 καὶ
213 1297 494 1384 παρηκολούθουν
513 1303 552 1380 τῇ
571 1303 696 1380 φυσικῇ
713 1305 917 1382 κατασκευῇ,
932 1293 1084 1363 οὐδέποτ’
1100 1296 1150 1368 ,ἀν

134 1406 244 1480 ἄλλως
272 1404 429 1490 ὥρμησαν
457 1401 478 1486 ἣ
506 1400 704 1488 ὠρέχθησαν
735 1401 756 1486 ἣ
789 1401 1064 1486 έπανευεγκόντες
1096 1402 1150 1470 ἐπὶ

133 1513 172 1577 τὸ
196 1509 285 1576 ὅλον.
331 1509 388 1574 διὰ
410 1516 508 1574 τοῦτο
530 1513 638 1585 καλῶς
660 1506 817 1592 λέγουσιν
838 1509 874 1575 οί
894 1507 1083 1595 φιλόσοφοι
1099 1511 1185 1576 ὅτιὸ

135 1619 172 1682 εί
202 1613 370 1702 προῄδει
401 1613 420 1680 δ
451 1616 569 1691 καλὸς
604 1611 669 1678 καὶ
705 1613 856 1698 ἀγαθὸς
887 1616 933 1680 τὰ
965 1614 1149 1701 ἐσόμενα,

135 1726 328 1809 συνηργει
347 1720 394 1787 ἀν
412 1719 477 1786 καὶ
495 1730 546 1808 τῷ
564 1731 702 1786 νοσεῖν
719 1718 852 1808 καὶτῷ
875 1719 1149 1808 ἀποθνῄσκειν

92 1827 199 1895 τεκαὶ
222 1838 272 1917 τῷ
300 1833 545 1914 πηροῦσθαι,
573 1829 818 1910 αἰσθανόμενός
844 1851 898 1912 γε,
926 1829 976 1893 ότι
1004 1828 1069 1895 ἀπὸ
1092 1837 1150 1912 τῆς

133 1947 200 2003 τῶν
234 1936 324 2000 ὅλων
356 1933 533 2011 διατάξεως
549 1929 663 1999 τούτο
696 1932 910 2019 ἀπονέμεται,
943 1935 1149 2021 κυριώτερον

134 2038 172 2108 δὲ
194 2043 233 2106 τὸ
257 2041 337 2106 ὅλον
360 2048 421 2105 τοῦ
444 2037 565 2124 μέρους
586 2036 641 2104 καλ
659 2038 680 2122 ἡ
699 2042 795 2117 πόλις
814 2051 875 2106 τοῦ
892 2045 1039 2107 πολίτου.
1076 2050 1186 2109 νῦνο

134 2145 165 2213 δ’
193 2148 254 2213 ότι
277 2145 724 2231 ούπρογιγνοίσκομεν,
752 2151 920 2233 καθήκει
948 2159 1025 2214 τῶν
1051 2150 1149 2234 πρὸς

134 2253 304 2337 ἐκλογὴν
336 2247 612 2336 εὐφυεστέραν
644 2253 823 2336 ἔχεσθαι,
860 2252 920 2318 ὅτι
956 2255 1020 2318 καὶ
1052 2255 1149 2340 πρὸς

91 2369 253 2427 εοτοῠτο
275 2360 508 2442 γεγόναμεν.

199 2466 297 2532 Μετὰ
323 2472 422 2530 τούτο
451 2459 597 2547 μέμνησο
621 2462 673 2527 ότι
694 2463 768 2539 υίὸς
790 2458 829 2527 εί.
873 2466 924 2538 τίς
944 2464 1065 2528 τούτου
1087 2474 1148 2530 τοῦ
1167 2481 1183 2530 ‘1

131 2573 314 2660 προσώπου
337 2569 529 2653 ἐπαγγελίας
552 2569 659 2633 πάντα
679 2569 761 2652 <τδ>
781 2569 886 2634 αὑτοῦ
907 2568 1065 2652 ἡγεῖσθαι
1087 2581 1147 2637 τοῦ

131 2681 272 2763 πατρός,
298 2677 405 2743 πάντα
427 2675 625 2759 ὑπακούειν,
652 2672 815 2760 μηδέποτε
843 2672 939 2754 ψέξαι
967 2678 1050 2762 πρός
1071 2700 1146 2743 τινα

132 2780 218 2870 μηδὲ
244 2784 410 2868 βλαβερόν
440 2804 471 2845 τι
494 2778 583 2867 αὐτῷ
611 2782 717 2846 εἰπεῖν
744 2779 765 2864 ἢ
788 2778 927 2868 πρᾶξαι,
954 2780 1146 2860 ἐξίστασθαι

89 2907 118 2950 ει
131 2889 171 2956 έν
192 2898 297 2955 πᾶσιν
318 2885 374 2954 καὶ
396 2897 605 2974 παραχωρεῖν
628 2895 855 2973 συνεργοῦντα
883 2889 964 2953 κατὰ
992 2890 1146 2973 δύναμιν.

205 3121 239 3170 13
250 3132 311 3184 sqq.
330 3114 365 3170 cf.
384 3114 420 3185 ΙΙ,
434 3120 459 3184 6,
475 3120 504 3184 93
524 3112 630 3169 Seneca
648 3113 685 3169 de
702 3113 810 3184 provid.
826 3118 851 3169 5.

203 3193 237 3242 22
247 3203 309 3255 sqq.
319 3185 355 3242 οῖ.
365 3184 451 3240 Εοολι.
463 3191 510 3240 30:
520 3183 612 3256 πατήρ
623 3179 710 3239 ἐστιν·
725 3183 931 3257 όπαγορεύεται
941 3180 1145 3257 ἐπιμελεῖσθαι,

128 3263 311 3330 παραχωρεῖν
330 3255 473 3313 ἁπάντων.

205 3478 219 3526 1
239 3469 329 3540 αῖτὴν
348 3469 381 3526 S:
399 3468 469 3539 αὐτὴ
488 3468 519 3530 8,
558 3470 568 3540 ΙΙ
605 3473 638 3522 11
656 3469 772 3536 fortasse
794 3468 901 3524 litterae
919 3465 936 3536 ἢ
956 3469 995 3539 ὠρ
1018 3483 1120 3524 ιοοιν.
1135 3469 1145 3540 l>

129 3549 166 3600 22
185 3541 263 3616 (τὰ)
282 3544 334 3597 ins.
354 3540 441 3598 δελετο.
946 3625 982 3679 9*
