2636 3930
121 211 177 271 (111,
190 219 210 271 9,
226 213 349 272 12-10,2)
423 205 575 258 ΒΙΒΛΙΟΝ
593 207 733 261 TPITON.
752 205 797 262 δ’.
819 204 851 264 ι’.
1070 206 1137 272 235

120 377 224 433 ταῦτα
254 370 317 455 ἔχει
347 369 429 434 κατ’δι
459 369 582 455 φύσιν,
599 365 668 434 ’δεδι
698 371 733 434 τί
757 371 801 454 μὴ
830 371 1058 456 φιλοτεχνήσω
1081 367 1137 436 καὶ

118 471 197 560 περὶ
224 476 284 541 τὸν
311 477 429 558 λόγον;
460 475 606 563 εὐσχολῶ
634 476 713 561 γάρ·
744 475 784 542 οὐ
808 480 1008 560 περισπᾶταί
1028 477 1135 562 μονὴ

120 579 263 646 διάνοια.
308 584 343 647 τί
367 585 496 666 ποιήσω
519 583 563 666 μὴ
587 583 849 668 περισπώμενος,
880 585 1000 650 τούτου
1023 587 1059 649 τί
1077 583 1135 650 ἀν-

118 689 378 774 θρωπικώτερον
401 691 479 773 &xm
508 689 617 772 ὑμεῖς,
647 688 728 754 ὅταν
751 685 855 773 μηδὲν
879 691 987 774 ἔχητε,
1014 691 1134 775 ταράσ-
1153 716 1188 765 20

91 800 234 878 ὁσεσθε,
253 796 301 871 είς
317 792 464 881 θέατρον
479 793 669 882 εἰσέρχεσθε
687 794 708 878 ἢ
728 793 857 860 ἀλύετε·
882 796 937 860 διά
955 797 991 860 τί
1007 796 1025 862 ὀ
1040 799 1135 880 φιλό-

119 916 224 984 σοφος
237 901 282 984 μὴ
297 899 508 987 ἐξεργάσηται
521 903 581 967 τὸν
595 902 698 968 αὑτοῦ
713 905 828 985 λόγους
843 903 885 967 σὺ
899 902 1133 989 κρυστάλλινα,
1153 929 1186 978 21

118 1004 184 1088 ἐγὼ
217 1007 256 1072 τά
286 1016 345 1074 τοῦ
374 1005 598 1092 ψευδομένου·
631 1011 673 1073 σὺ
701 1010 882 1095 μούρρινοι,
914 1007 978 1093 ἐγὼ
1007 1009 1046 1073 τά
1073 1017 1134 1073 τοῦ

118 1110 381 1196 ἀποφάσκοντος.
419 1112 473 1179 σοὶ
491 1115 598 1180 πάντα
616 1115 717 1200 μικρδι
735 1119 889 1200 φαίνεται
908 1115 928 1180 ἀ
947 1116 1041 1202 ἔχεις,
1061 1111 1134 1199 ἐμοὶ

118 1219 158 1283 τά
182 1217 244 1302 ἐμὰ
266 1219 374 1285 πάντα
392 1220 527 1305 μεγάλοι.
573 1219 767 1307 ἀπλήρωτός
785 1239 849 1287 σου
868 1220 958 1288 ἐστὶν
976 1221 997 1305 ἡ
1016 1220 1134 1286 ἐπιδυ-

77 1341 103 1380 10
118 1326 193 1410 μία,
225 1324 246 1408 ἡ
275 1324 334 1410 ἐμὴ
362 1329 580 1412 πεπλήρωται.
630 1338 700 1404 τοῖς
726 1327 915 1414 <παιδίοις>
942 1329 990 1404 είς
1019 1329 1131 1392 στευό-
1151 1349 1185 1397 22

117 1435 264 1517 βρογχον
286 1431 445 1517 κεράμιον
467 1439 634 1498 καθιεῑσιν
655 1435 718 1518 τὴν
739 1444 833 1519 χεῖρα
855 1432 910 1498 καὶ
933 1432 1134 1521 ἐκφέρουσιν

119 1537 343 1623 ίσχαδοκάρυα
366 1548 464 1604 τοῦτο
488 1541 678 1623 συμβαίνει·
702 1537 745 1604 ἀν
767 1540 925 1625 πληρώσῃ
949 1541 1009 1624 τὴν
1028 1551 1133 1626 χεῖρα,

117 1642 300 1727 ἐξενεγκεῖν
320 1643 360 1710 οὐ
384 1645 533 1728 δύναται,
557 1640 626 1710 εἶτα
652 1645 752 1710 κλάει.
799 1646 880 1730 ἀφες
906 1645 1002 1728 ὀλίγα
1021 1645 1053 1724 ἐξ
1073 1646 1133 1710 αὐ-

116 1760 184 1816 τῶν
207 1747 262 1815 καὶ
281 1748 426 1827 ἐξοίσεις.
472 1747 527 1814 καὶ
547 1752 588 1815 σὺ
607 1751 689 1836 ἀφες
708 1752 770 1835 τὴν
789 1749 911 1837 ὄρεξιν·
935 1751 979 1835 μὴ
998 1756 1132 1817 πολλῶν

76 1870 102 1911 15
117 1855 273 1941 ἐπιθύμει
295 1853 351 1921 καὶ
374 1861 484 1933 οἴσεις.
591 1935 592 1940 ¹

291 2208 326 2276 ι’.
362 2216 451 2288 Πῶς
472 2209 610 2297 φέρειν
634 2212 697 2275 δεῖ
716 2211 783 2288 τὰς
804 2214 957 2290 νόσους.

178 2351 340 2420 Ἑκάστον
369 2355 532 2437 δόγματος
560 2351 683 2435 ὅτανὴ
706 2356 800 2438 χρεία
822 2361 926 2438 παρῇ,
953 2358 1132 2440 πρόχειρον
1153 2376 1166 2423 1

117 2459 198 2526 αὐτὸ
223 2462 311 2546 ἔχειν
334 2461 398 2524 δεῖ·
422 2455 472 2523 ἐπ’
495 2457 618 2546 ἀρίστῃ
637 2458 678 2522 τά
700 2455 776 2543 περὶ
799 2457 949 2544 ἀρίστου,
972 2458 1008 2524 ἐν
1031 2463 1133 2544 βαλα-

115 2570 197 2655 νείςο
220 2567 259 2632 τά
282 2567 358 2650 περὶ
381 2569 571 2650 βαλανείου,
596 2563 632 2629 ἐν
655 2567 749 2650 κοίτῃ
773 2563 910 2650 ιδπερὶ
933 2569 1052 2649 κοίτης.

76 2723 103 2762 20
191 2702 259 2775 μήδ’
280 2703 371 2760 ὕπνον
391 2708 556 2775 μαλακοῖσιν
576 2698 621 2758 ἐπ’
643 2703 748 2774 ὄμμασι
766 2700 987 2772 προσδέξασθαι,
1151 2709 1167 2758 2

189 2793 257 2864 πρὶν
274 2801 330 2848 τῶν
349 2793 489 2864 ἡμερινῶν
508 2790 596 2862 ἔργον
615 2792 784 2862 λογίσασθαι
803 2789 920 2847 ἕκαστα·
994 2871 997 2878 ¹

190 2977 222 3026 18
234 2989 274 3040 sq.
294 2971 328 3026 cf.
343 2970 430 3026 Ench.
446 2978 475 3024 4:
488 2966 576 3025 Ὅταν
591 2968 737 3024 ἅπτεσθαί
747 2988 823 3031 τινος
838 2966 920 3040 ἔργον
935 2968 1041 3044 μέλλῃς,
1061 2973 1131 3027 ὑπο-

117 3043 254 3114 μίμνῃσκε
274 3042 377 3097 σαυτὸν
397 3041 496 3096 ὁποῖον
515 3041 546 3096 τὸ
567 3038 661 3112 ἔργον
687 3035 738 3095 ἐὰν
757 3036 924 3112 λουσόμενος
942 3042 1036 3116 ἀπίῃς,
1060 3042 1130 3113 πρό-

117 3115 200 3186 βαλλε
219 3119 326 3186 σεαυτῷ
344 3111 379 3167 τὰ
397 3115 533 3183 γινόμενα
552 3106 583 3167 ἐν
603 3114 742 3186 βαλανείῳ
755 3144 769 3152 -
783 3144 796 3152 -
809 3144 823 3152 -

189 3191 294 3254 20sqq.
314 3183 493 3255 Pythagorae
512 3199 585 3251 quae
606 3183 736 3238 feruntur
753 3187 850 3252 Χρυσᾶ
870 3181 923 3252 ἔπῃ
943 3189 1058 3240 40-44.

189 3362 363 3431 οάυαλάῃτε
382 3361 415 3416 S:
433 3378 501 3417 οοκκ.
521 3360 687 3425 Samium
707 3359 874 3415 ἀναλύετεε
910 3363 919 3430 ΙΙ
958 3367 974 3414 6
993 3361 1079 3416 αὐτοῦ
1099 3363 1133 3418 S:

116 3451 214 3490 σακε
240 3436 249 3505 ΙΙ
278 3440 311 3489 10
325 3432 491 3506 (παιδίοις)
507 3434 570 3489 add.
591 3432 673 3499 Wolf
694 3435 703 3502 ΙΙ
730 3438 763 3486 21
779 3431 900 3502 ἡμερίων
916 3431 948 3487 S.-
962 3448 1030 3487 σοιν.
1047 3431 1131 3489 Schw.

116 3522 130 3560 e
148 3506 230 3578 Ρῃίίι.
258 3508 268 3576 Ι
295 3507 463 3574 λογίσασθαι
483 3502 600 3559 ἕκαστον
615 3503 771 3571 Ηίικοοίεες
788 3502 847 3574 τρὶς
866 3500 984 3558 ἕκαστον
999 3499 1131 3559 ἐπελθεῖν

116 3577 174 3634 cod.
195 3576 311 3633 Vindob.
333 3576 415 3648 Ργελ.
