2636 3930
135 195 192 250 (111¹
207 197 227 249 5,
242 197 316 245 1-14)
457 183 610 238 BIBAION
628 187 769 242 TPITON.
799 184 833 241 ε’.
1082 185 1147 250 223

130 354 177 433 τῷ
201 351 272 432 θεῷ
295 345 353 429 ’μή
375 368 408 410 τι
430 344 579 432 παρέβην
603 362 665 412 σου
688 349 746 424 τὰς
769 346 916 426 ἐντολάς;
945 348 989 432 μή
1012 372 1043 413 τι
1066 349 1149 433 πρὸς

131 454 217 517 ἄλλα
239 450 428 536 ἐχρησάμην
450 462 521 529 ταῖς
543 451 709 538 ἀφορμαῖς
732 453 771 530 ἃς
794 455 932 532 ἔδωκας;
957 455 1002 538 μή
1024 476 1057 518 τι
1077 463 1148 531 ταῖς

131 559 331 642 αἰσθήσεσιν
353 558 477 642 άλλως,
506 561 551 643 μή
573 582 605 623 τι
627 569 699 636 ταῖς
721 562 941 654 προλήψεσιν;
970 562 1015 644 μή
1038 582 1071 624 τι
1094 561 1150 625 σοί

128 661 201 729 ποτ’
230 662 421 742 ἐνεκάλεσας
452 666 496 748 μή
520 688 551 729 τι
574 663 771 751 ἐμεμψάμην
795 681 856 732 σου
879 668 941 750 τήν
965 667 1145 750 διοίκησιν;

102 769 288 855 εένόσησα,
310 768 365 834 ὅτε
388 768 567 854 ἠθέλησας·
598 769 653 836 καὶ
677 771 712 835 οί
732 772 840 854 άλλοι,
863 767 934 835 ἀλλ’
963 769 1027 853 ἐγὼ
1052 767 1145 836 ἑκών.
1165 788 1181 837 9

130 876 233 960 πένης
251 875 415 960 ἐγενόμην
430 892 491 942 σου
510 874 682 960 θέλοντος,
701 875 785 942 ἀλλὰ
804 879 939 963 χαίρων.
973 875 1034 941 οὐκ
1052 871 1147 961 ἠρξα,

131 983 183 1048 ὅτι
206 985 247 1048 σὺ
271 982 335 1048 οὐκ
357 979 536 1066 ἠθέλησας·
560 980 714 1049 οὐδέποτ’
737 982 931 1067 ἐπεθύμησα
949 979 1061 1067 ἀρχῆς.
1102 984 1146 1066 μή

132 1092 166 1154 τί
191 1111 231 1174 με
258 1089 380 1154 τούτου
409 1087 505 1154 ἕνεκα
528 1092 749 1175 στυγνότερον
772 1084 871 1167 είδες;
903 1090 947 1173 μή
976 1088 1017 1154 οὐ
1044 1105 1147 1174 προσ-

131 1197 241 1279 ἠλθόν
268 1196 325 1260 σοί
348 1215 427 1260 ποτε
455 1196 586 1282 φαιδρῷ
614 1204 660 1284 τῷ
688 1197 870 1285 προσώπω,
902 1194 1033 1278 ἕτοιμος
1059 1200 1094 1260 εί
1115 1218 1147 1259 τι

89 1323 117 1363 1ο
131 1299 331 1382 ἐπιτάσσεις,
361 1305 395 1362 εί
416 1321 448 1363 τι
478 1303 663 1384 σημαίνεις;
693 1308 758 1365 νῦν
785 1324 826 1385 με
853 1297 964 1378 θέλεις
987 1299 1147 1367 ἀπελθεῖν
1167 1317 1200 1366 10

131 1405 168 1470 ἐκ
190 1414 249 1489 τῆς
269 1406 498 1491 πανηγύρεως·
522 1408 647 1491 όίπειμι,
670 1407 767 1491 χάριν
792 1423 845 1472 σοι
864 1409 928 1492 ἔχω
951 1415 1073 1491 πᾶσαν,
1096 1407 1147 1472 ὅτι

90 1528 94 1534 ·
131 1510 274 1595 ἠξίωσας
297 1534 336 1595 με
360 1514 651 1598 συμποΐνηγυρίσαι
674 1530 728 1578 σοι
750 1511 806 1577 καὶ
830 1515 916 1579 ἰδεῖν
939 1515 1082 1598 ἔργατὰ
1105 1515 1147 1579 σά

131 1615 187 1682 καὶ
206 1626 244 1702 τή
263 1619 425 1702 διοικήσει
439 1635 502 1682 σου
519 1623 882 1704 συμπαρακολουθήσαι
898 1617 1008 1700 [σοί].’
1043 1619 1147 1684 ταῦτά
1166 1635 1198 1683 11

131 1746 171 1807 με
196 1721 467 1808 ἐνθυμούμενον,
493 1733 596 1789 ταῦτα
623 1723 810 1809 γράφοντα,
837 1732 940 1789 ταῦτα
963 1723 1147 1806 άναγιγνύ-

90 1853 117 1894 15
133 1846 257 1895 σκοντα
280 1829 461 1915 καταλάβοι
485 1829 502 1896 ὁ
526 1829 680 1906 θάνατος.

196 1931 283 2000 Ἀλλ’
320 1935 340 2018 ἠ
372 1937 478 2021 μήτηρ
516 1960 581 2020 μου
612 1937 675 2020 τήν
706 1937 854 2022 κεφαλήν
886 1944 1068 2012 νοσοῦντος
1104 1933 1145 2000 ού
1166 1951 1198 2000 12

131 2035 297 2126 κρατήσει.
315 2039 481 2106 -”Απιθι
498 2043 616 2108 τοίνυν
634 2044 717 2125 πρὸς
735 2044 797 2126 τήν
816 2045 952 2129 μητέρα·
975 2041 1070 2132 άξιος·
1083 2043 1147 2127 γὰρ

133 2142 166 2212 εἶ
183 2148 246 2231 τήν
263 2148 412 2232 κεφαλήν
425 2149 651 2233 κρατούμενος
663 2159 786 2214 νοσεῖν.
801 2185 843 2195 -
855 2145 940 2214 Ἀλλ’
964 2146 1017 2213 ἐπὶ
1035 2152 1148 2213 κλινα-
1167 2165 1200 2214 13

133 2256 209 2338 ρίου
229 2262 361 2336 κομψοῦ
381 2251 419 2318 ἐν
438 2259 517 2342 οίκρι
537 2256 742 2338 κατεκείμην.
763 2293 802 2304 -
816 2252 937 2319 ’Ἀπιθί
957 2270 1018 2320 σου
1038 2251 1091 2319 ἐπὶ
1109 2256 1147 2319 τὸ

93 2382 120 2422 εο
133 2358 321 2443 κλινάριον·
334 2357 500 2442 Ι<νοσῶν>
524 2359 544 2442 ἠ
567 2359 729 2441 ὑγιαίνων
753 2357 843 2436 άξιος
865 2354 898 2423 εί
918 2356 971 2422 ἐπὶ
993 2360 1147 2424 τοιούτου

131 2470 358 2530 κατακεῖσθαι.
389 2465 433 2548 μή
452 2467 569 2530 τοίνυν
588 2463 732 2529 ἀπόλλυε
752 2463 772 2528 δ
787 2463 930 2527 δύνασαι
944 2461 1013 2527 ἐκεῖ
1028 2473 1147 2528 ποιεῖν.

196 2567 284 2634 Ἀλλ’
311 2569 329 2636 δ
362 2571 543 2656 Σωκράτης
574 2573 609 2635 τί
633 2568 735 2652 λέγει;
770 2570 897 2654 ὥσπερ
928 2569 1046 2645 άλλος
1074 2590 1146 2651 τις,
1166 2586 1200 2635 14

133 2679 227 2762 φησί,
249 2679 378 2762 χαίρει
401 2679 469 2743 τὸν
491 2675 614 2763 άγρὸν
636 2679 705 2742 τὸν
724 2675 847 2742 αὑτοῦ
870 2685 993 2740 ποιῶν
1015 2676 1146 2760 κρείσ-

205 2874 239 2922 22
250 2885 311 2936 sqq.
325 2867 360 2922 cf.
374 2868 502 2937 Xenoph.
517 2867 621 2923 Oomm.
637 2867 658 2936 Ι,
673 2875 698 2936 6,
715 2874 760 2923 14:
780 2866 871 2937 ὥσπερ
891 2866 972 2928 ἄλλος
987 2887 1029 2929 τις
1042 2897 1056 2907 -
1070 2867 1146 2939 ίππῳ

134 2939 236 3010 ἀγαθῷ
254 2970 268 2979 -
281 2969 295 2979 -
308 2971 322 2978 -
340 2936 447 3008 ἠδεται,
467 2938 538 2994 ούτω
552 2938 601 2993 καλ
616 2934 667 2993 ίάν
685 2959 712 2992 τι
731 2936 784 3008 ἔγω
803 2936 925 3007 ἀγαθόν,
945 2936 1078 3004 διδάσκω,
1098 2937 1146 2992 ἄλ-

134 3013 193 3072 λοις
211 3010 369 3078 συνίστημι,
393 3007 461 3079 παρ’
484 3005 522 3064 ὧν
542 3009 578 3063 διν
601 3008 711 3078 ἡγῶμαι
735 3007 979 3079 ὠφεληθήσεσθαί
998 3029 1026 3063 τι
1044 3009 1146 3071 αύτούς

135 3078 175 3142 είς
193 3080 305 3150 ἀρετήν.
334 3080 384 3134 sed
407 3079 499 3151 magis
524 3097 587 3134 cum
603 3080 731 3150 Epicteti
754 3079 846 3135 verbis
870 3079 1054 3148 conveniunt,
1073 3096 1146 3147 quae

133 3151 188 3221 leg.
205 3152 281 3220 apud
294 3150 366 3206 Plat.
381 3151 456 3206 Prot.
470 3169 498 3240 ρ.
514 3157 566 3206 318
576 3168 605 3206 a:
625 3149 742 3205 ἀπιέναι
763 3151 861 3205 οἴκαδε
880 3152 1001 3224 βελτίονι
1018 3148 1146 3220 γεγονότι

133 3253 148 3262 -
161 3253 175 3262 -
188 3253 201 3262 -
220 3221 269 3276 καλ
288 3216 405 3290 ἑκάστης
423 3220 529 3291 ἠμερας
547 3221 593 3276 άελ
612 3217 659 3276 ἐπὶ
677 3223 708 3276 τὸ
727 3219 835 3294 βέλτιον
855 3216 1024 3276 ἐπιδιδόναι.

207 3395 315 3454 ὅότιε
345 3401 355 3467 ἠ
382 3399 582 3469 8προσεῖθόν
601 3398 634 3454 S.-
654 3415 755 3454 τουτο
781 3400 791 3468 ἠ
819 3404 851 3453 13
872 3398 945 3469 [σοί]
964 3399 1049 3453 δαῖε
1075 3400 1085 3467 ἠ
1112 3401 1147 3450 20

134 3469 267 3594 (νοσῶνί
285 3465 305 3560 ἠ
321 3470 434 3573 εορύγείε
451 3463 469 3538 ἠ
494 3471 577 3538 Wolf,
596 3469 646 3524 καὶ
666 3469 764 3526 Οοναεε
799 3471 809 3539 ἠ
845 3475 879 3523 23
898 3469 1006 3539 χαίρειν
1026 3467 1058 3523 S:
1077 3483 1145 3524 corr.

134 3557 148 3596 ε
179 3543 189 3610 ἠ
221 3561 239 3594 α
258 3559 307 3595 τον
326 3539 356 3598 S.
378 3556 476 3596 εοεαε
