2608 3928
121 198 173 254 (xv,
187 203 220 253 11,
234 196 323 248 εε-ει)
405 188 560 241 ΒΙΒΛΙΟΝ
578 187 778 241 ΤΕΤΑΡΤΟΝ.
803 186 854 240 ια’.
1070 187 1135 251 393

121 347 186 415 ἀπὸ
208 345 312 425 ποίας
339 348 441 414 αὐτὸν
469 349 661 434 ὁμοιότητος
688 347 879 432 ἐπαγαγεῖν;
909 346 984 434 περὶ
1012 351 1047 413 τί
1072 350 1134 433 γάρ
1155 367 1188 416 εο

121 455 328 522 ἐσπούδακεν
355 454 472 540 ὅμοιον
499 463 545 543 τῷ
574 459 681 544 καλῷ,
713 452 756 521 ἵν’
790 455 892 521 αὐτὸν
920 461 1053 540 μεταθῶ
1081 454 1152 521 καὶ·

120 567 202 627 εἴπω
231 559 305 626 *οὐκ
331 563 422 627 ἔστιν
449 559 572 629 ἐνθάδε
595 563 633 627 τὸ
656 564 771 646 καλόν,
798 559 870 626 ἀλλ’
899 560 1049 641 ἐνθάόές
1077 560 1136 627 θέ-

120 673 189 745 λεις
212 665 300 755 αὐτῷ
320 664 404 751 λέγω
429 668 502 734 “οὐκ
521 671 611 734 ἔστιν
634 666 672 734 ἐν
695 677 741 756 τῷ
763 673 996 754 κεκοπρῶσθαι
1019 670 1056 734 τὸ
1079 693 1136 734 κα-

92 777 198 858 τλόν,
234 770 305 840 ἀλλ’
349 772 385 839 ἐν
421 782 466 861 τῷ
503 774 619 864 λόγφ’;
658 773 783 860 ἐφίεται
820 775 883 860 γάρ
920 782 979 840 τοῦ
1016 779 1134 854 καλοίη

120 882 264 966 ἔμφασιν
287 880 351 966 γάρ
373 902 448 947 τινα
471 880 575 947 αὐτοῦ
603 883 684 966 ἔχει;
712 882 838 946 άπελθε
859 878 915 946 καὶ
937 883 1039 969 χοίρφ
1064 882 1135 946 δια-

120 985 237 1070 λέγου,
266 983 311 1051 ἵν’
342 985 379 1052 ἐν
406 990 559 1076 βορβόρῳ
587 986 631 1073 μὴ
659 990 820 1071 κυλίηται.
871 988 927 1052 διὰ
953 995 1052 1052 τοῦτο
1079 985 1135 1053 καὶ
1154 1007 1189 1056 30

121 1091 324 1177 Πολέμωνος
344 1093 473 1177 ἥψαντο
497 1094 533 1159 οί
552 1096 647 1176 λόγοι
671 1093 706 1159 οί
726 1093 952 1175 Ξενοκράτους
975 1094 1019 1171 ὡς
1041 1099 1136 1178 φιλο-

120 1199 225 1265 κάλου
252 1201 444 1265 νεανίσκον·
474 1199 632 1284 εἰσῆλθεν
659 1200 722 1284 γὰρ
751 1201 837 1284 ἔχων
864 1197 1062 1286 ἐναύσματα1
1079 1207 1136 1282 τῆς

79 1325 107 1364 ιο
119 1302 195 1390 περὶ
218 1307 255 1370 τὸ
278 1306 382 1370 καλὸν
405 1306 564 1389 σπονδῆς,
586 1305 731 1390 ἀλλαχοῦ
751 1303 781 1369 δ’
804 1304 884 1371 αὐτὸ
905 1308 1018 1388 ζητῶν.
1065 1305 1138 1370 ἐπεί
1154 1325 1187 1374 31

119 1435 172 1477 τοι
209 1407 289 1478 οὐδὲ
319 1412 360 1475 τά
395 1414 458 1499 ζςόα
493 1411 534 1475 τὰ
570 1409 764 1497 ἀνθρώποις
801 1411 971 1496 σύντροφα
1004 1410 1136 1497 ῥυπαρά

122 1516 276 1601 ἐποίησεν
299 1518 319 1601 η
342 1518 452 1603 φύσις.
497 1520 542 1601 μή
565 1539 597 1581 τι
620 1517 719 1594 ἵππος
740 1519 888 1582 κυλίεται
911 1515 948 1582 ἐν
970 1520 1136 1605 βορβόρῳ,

122 1626 166 1708 μη
189 1647 220 1688 τι
242 1625 335 1690 κύων
356 1634 525 1708 γενναίος;
548 1619 620 1688 ἀλλ’
644 1623 663 1689 ὁ
681 1618 722 1700 ὗς
738 1621 794 1688 καὶ
811 1624 851 1688 τὰ
871 1624 979 1709 σαπρά
1001 1625 1136 1708 χηνίὸια

121 1727 176 1794 καὶ
200 1729 364 1812 σκώληκες
386 1725 441 1793 καὶ
464 1727 617 1814 ἀράχναι,
646 1729 686 1794 τά
709 1728 901 1815 μακροτάτω
924 1737 981 1813 της
1003 1727 1136 1816 ἀνθρω-

82 1852 108 1893 15
121 1838 219 1919 πίνης
237 1841 510 1918 συναναστροφῆς
528 1831 790 1919 ἀπεληλασμόνα.
817 1835 858 1898 σὺ
878 1827 941 1898 οὖν
955 1834 1135 1919 άνθρωπος
1154 1854 1187 1902 32

123 1941 171 2007 ὢν
189 1938 268 2007 οὐδὲ
288 1944 372 2028 ζῷον
390 1934 477 2006 εἶναι
494 1938 605 2017 θέλεις
622 1947 690 2006 τῶν
709 1938 901 2027 ἀνθρώποις
924 1943 1134 2027 συντρόφων,

122 2046 205 2113 ἀλλὰ
229 2045 355 2131 σκώληξ
379 2046 549 2132 μᾶλλονῆ
573 2046 747 2132 ἀράχνιον;
776 2046 816 2112 ού
839 2048 944 2133 λούση
966 2048 1034 2113 πού
1056 2066 1135 2114 ποτε

122 2156 167 2233 ὡς
184 2153 306 2237 θέλεις,
324 2153 386 2218 οὐκ
404 2152 604 2230 ἀποπλυνεϊς
625 2155 776 2238 σεαυτόν,
795 2153 855 2239 ούχ
869 2152 958 2238 ἥξεις
976 2157 1135 2239 καθαρός,

120 2263 177 2327 ἵνα
207 2277 260 2327 σοι
289 2262 449 2347 χαίρωσιν
472 2260 508 2325 οί
533 2262 703 2340 συνόντες,
733 2259 817 2326 ἀλλὰ
844 2259 899 2326 καὶ
927 2262 974 2337 είς
1001 2261 1040 2326 τά
1065 2261 1136 2346 ίεριλ

81 2385 108 2425 20
121 2368 201 2453 ἡμῖν
216 2366 359 2453 συνίρχη
373 2374 533 2450 τοιοῦτος,
552 2365 637 2432 ὅπου
651 2374 772 2431 πτύσαι
792 2366 833 2431 ού
846 2367 1038 2450 νενόμισται
1057 2364 1130 2433 οὐδ’

122 2472 365 2558 ἀπομάξασθαι,
388 2472 465 2550 ὅλος
487 2472 535 2538 ὢν
557 2471 688 2556 πτύσμα
711 2473 767 2537 καλ
790 2470 890 2556 μύξα;

193 2581 236 2644 Τί
260 2573 337 2659 οὖν;
364 2580 632 2657 καλλωπίζεσθαί
655 2598 706 2654 τις
732 2574 833 2656 ἀξιοῖς
862 2579 906 2661 μη
930 2575 1077 2662 γίνοιτο,
1105 2580 1136 2643 εί
1153 2597 1187 2646 33

9 2749 13 2758 ,
121 2687 166 2772 μὴ
195 2685 302 2752 ἐκεῖνο
325 2684 343 2750 ὃ
366 2687 575 2770 πεφύκαμεν,
605 2685 664 2750 τὸν
687 2685 805 2767 λόγον,
828 2684 868 2748 τά
891 2685 1055 2768 δόγματα,
1077 2684 1135 2761 τάς

122 2792 300 2879 ἐνεργείας,
322 2793 360 2857 τὸ
384 2788 422 2856 δὲ
445 2802 538 2875 σῶμα
560 2787 656 2876 μέχρι
679 2799 740 2857 τοῦ
758 2791 936 2877 καθαρίου,
958 2788 1053 2876 με’χρι
1075 2798 1136 2856 τοῦ

81 2919 108 2960 εε
122 2901 166 2984 μὴ
190 2900 417 2985 προσκόπτειν.
463 2894 534 2962 ἀλλ’
561 2895 604 2962 ἀν
627 2894 781 2983 ἀκούσης,
804 2896 854 2961 ὅτι
878 2896 919 2962 οὐ
942 2898 996 2962 δεῖ
1016 2907 1135 2981 φορεῖν
1153 2915 1188 2963 34

122 3006 274 3088 κόκκινα,
303 3003 462 3070 ἀπελθὼν
483 3005 659 3088 κόπρωσόν
683 3018 744 3068 σου
771 3003 831 3068 τὸν
858 3006 1004 3090 τρίβωνα
1032 3003 1052 3087 ἢ
1079 3026 1136 3067 κα-

123 3109 294 3196 τάρρηξον.
312 3107 473 3176 -Ἀλλά
490 3112 599 3175 πόθεν
617 3111 680 3194 ἔχω
700 3110 803 3176 καλὸν
821 3112 980 3195 τρίβωνας
1004 3147 1042 3157 -
1058 3107 1136 3175 ’Ἁν-

123 3255 337 3262 ——.—----—-—

196 3343 281 3406 7sqq.
300 3337 336 3392 cf.
356 3353 428 3406 quae
448 3337 511 3392 adn.
532 3336 577 3392 ad.
596 3337 743 3407 111,1,14.

196 3554 229 3602 13
248 3547 345 3616 ἡνίᾶια
364 3548 397 3604 S:
415 3564 484 3604 corr.
504 3548 534 3608 δι
