2626 3924
195 228 261 292 380
342 227 526 282 APPIANOT
543 225 618 278 ΤΩΝ
636 223 853 276 ΕῘΠΚΤΗΤΟΤ
870 223 1066 276 ΔΙΑΤΡΙΒΩΝ

193 391 428 474 τελεσφορησῃ.
474 385 516 452 δυ
540 382 577 451 δὲ
599 387 664 470 πρὸ
686 393 747 451 τοῦ
770 388 855 469 γόνυ
878 394 983 470 φῦσαι
1004 386 1065 451 τὸν
1088 384 1215 470 στάχυν

139 513 174 562 ετ
195 494 358 582 ἐξενέγκῃ,
377 491 487 570 ἀτελές
505 491 608 576 ἐστιν,
626 491 663 557 ἐκ
681 493 788 574 κήπου
804 488 1018 558 Ἀδωνιακοῦ.
1055 502 1214 557 τοιοῦτον

194 597 227 667 εἶ
256 599 312 666 καὶ
344 603 386 666 σὺ
417 600 595 686 φυτάριον·
632 605 759 664 θᾶττον
789 605 850 663 τού
883 595 1018 676 δέοντος
1049 599 1214 682 ἤυθηκας,

140 725 175 774 38
194 707 375 775 ἀποκαύσει
398 723 434 772 σε
458 707 476 773 ὁ
499 705 631 791 χειμών.
678 705 754 770 ἰδοὺ
777 707 813 770 τί
832 701 988 788 λέγουσιν
1012 704 1048 770 ολ
1067 702 1215 791 γεωργοὶ

194 813 270 900 περὶ
296 825 363 881 τῖον
392 812 603 898 σπερμάτων,
635 811 716 877 ὅταν
743 813 807 898 πρὸ
836 812 924 896 ὥρας
949 814 1133 896 θερμασίαι
1162 810 1214 895 γε’-
1236 837 1245 876 ι

193 945 326 987 νωνται.
373 919 575 1003 άγωνιῶσιυ,
604 917 648 1003 μὴ
677 915 833 1004 ἐξυβρίσῃ
859 918 900 983 τὰ
928 916 1115 1004 σπέρματα,
1145 911 1214 982 εἶτα

141 1044 175 1092 39
195 1028 278 1094 αὐτὰ
296 1027 401 1111 πάγος
419 1018 467 1103 εἷς
484 1025 597 1110 λαβὼν
616 1021 775 1110 ἐξελέγξῃ.
811 1023 873 1111 ὅρα
890 1021 946 1089 καὶ
965 1024 1019 1108 σύ,
1038 1025 1213 1110 ἄνθρωπε·

195 1133 380 1220 ἐξύβρικας,
402 1131 645 1215 ἐπιπεπήδηκας
664 1128 807 1218 δοξαρίμ
825 1132 890 1217 πρὸ
912 1131 1012 1217 ὥρας·
1037 1132 1150 1207 δοκεῖς
1166 1154 1214 1207 τις

195 1234 293 1322 εἶναι,
312 1238 422 1323 μωρὸς
438 1238 528 1322 παρὰ
547 1247 683 1322 μωροῖς·
704 1235 912 1322 ἀποπαγησῃ,
931 1242 1059 1321 μᾶλλον
1078 1233 1110 1302 δ’
1134 1235 1214 1302 ἀπο-

195 1341 343 1427 πέπηγας
364 1345 429 1428 ἤδη
453 1341 490 1408 ἐν
513 1350 551 1428 τῇ
576 1343 648 1429 ῥίζῃ
672 1342 834 1426 κάτω,τὰ
858 1339 888 1407 δ’
916 1343 986 1407 άυω
1010 1358 1072 1407 σου
1094 1345 1214 1428 μικρὸν
1227 1369 1246 1408 ιι
1289 1341 1290 1366 ’

196 1453 245 1516 ἔτι
275 1448 377 1515 άνθεῖ
400 1447 455 1514 καὶ
483 1449 539 1514 διδ
566 1458 664 1514 τοῦτο
693 1450 803 1526 δοκεῖς
831 1450 879 1514 ἔτι
904 1452 962 1532 ζῆν
984 1447 1040 1514 καὶ
1062 1449 1213 1515 θάλλειν.

142 1573 177 1623 4ο
196 1557 279 1640 άφες
300 1555 385 1641 ἡμᾶς
407 1579 445 1640 γε
467 1556 549 1621 κατὰ
573 1556 677 1639 φύσιν
704 1561 925 1639 πεπανθηυαι.
971 1557 1006 1620 τί
1024 1554 1111 1640 ἡμᾶς
1134 1555 1214 1621 άπο

196 1664 303 1747 δύεις,
328 1665 365 1728 τί
387 1662 498 1747 βιάζῃ;
527 1662 620 1726 οὔπω
651 1662 827 1745 δυνάμεθα
857 1659 1005 1744 ἐνεγκεῖν
1034 1663 1095 1727 τὸν
1123 1659 1214 1748 ἀέρα

196 1771 296 1836 ἐασον
313 1768 375 1852 τὴν
395 1767 488 1854 ῥίζαν
507 1765 706 1852 αὐξηθῆναι,
728 1761 798 1832 εἶτα
821 1769 905 1851 γόνυ
925 1771 1041 1852 λαβεῖν
1064 1769 1103 1834 τὸ
1125 1778 1214 1854 πρῶ-

196 1900 272 1958 του,
299 1868 369 1939 εἶτα
396 1874 433 1938 τὸ
463 1874 637 1960 δεύτερον,
664 1869 734 1938 εἶτα
757 1875 794 1939 τὸ
817 1876 943 1958 τρίτου·
971 1869 1037 1940 εἶθ’
1066 1873 1174 1951 οὕτως
1195 1875 1248 1940 ὁιι

144 1997 177 2044 41
197 1981 321 2065 καρπὸς
345 1977 530 2062 ἐκβιάσεται
553 1977 614 2061 τὴν
637 1980 753 2065 φύσιν,
776 1978 839 2045 κάν
862 1978 926 2063 έγὼ
950 1979 994 2064 μὴ
1019 1983 1121 2046 θέλω.
1167 1985 1215 2056 τίς

96 2093 98 2096 ’
196 2086 259 2170 γὰρ
288 2081 442 2167 ἐγκύμων
468 2086 647 2168 γενόμενος
673 2082 729 2149 καὶ
760 2088 888 2172 πλήρης
918 2088 1125 2170 τηλικούτων
1159 2088 1215 2152 δο-
1291 2157 1292 2178 ῃ

197 2191 332 2277 γμάτων
354 2187 430 2274 οὐχὶ
452 2190 651 2255 αἰσθάνεταί
670 2214 705 2256 τε
726 2200 784 2275 τῆς
803 2192 907 2258 αὑτοῦ
927 2201 1137 2278 παρασκευῆς
1160 2191 1215 2258 καὶ

143 2313 178 2362 42
198 2295 252 2364 ἐπὶ
280 2297 321 2362 τὰ
348 2296 537 2380 κατάλληλα
566 2299 645 2381 ἔργα
674 2297 775 2385 ὁρμᾷς
806 2296 890 2364 ἀλλά
916 2308 1038 2386 ταῦρος
1066 2295 1129 2384 μὲν
1153 2299 1216 2365 οὐκ

198 2403 316 2489 άγνοεῖ
329 2403 392 2487 τὴν
410 2402 514 2467 αὑτοῦ
532 2402 636 2488 φύσιν
654 2401 709 2468 καὶ
726 2405 950 2488 παρασκευήν,
970 2405 1049 2470 ὅταν
1069 2403 1214 2490 ἐπιφανῇ
1228 2430 1250 2470 ιο

198 2535 229 2577 τι
258 2511 397 2595 θηρίον,
431 2505 505 2574 οὐδ’
538 2506 694 2593 ἀναμένει
723 2511 783 2575 τὸν
812 2514 1100 2597 προτρεψόμενον,
1134 2507 1215 2577 οὐδὲ

143 2631 178 2680 43
197 2617 301 2699 κύων,
324 2616 416 2693 ὅταν,
428 2616 484 2700 ἴδῃ
506 2637 538 2679 τι
557 2625 624 2680 τῶν
642 2613 768 2702 ἀγρίων
789 2612 889 2704 ζῴων.
927 2616 992 2701 ἐγὼ
1016 2615 1046 2683 δ’
1070 2616 1113 2683 δν
1133 2624 1214 2704 ἴσχω

197 2723 259 2807 την
278 2720 401 2806 ἀνδρὸς
419 2719 551 2804 άγαθοῦ
573 2724 798 2806 παρασκευήν,
821 2722 1005 2808 ἐκδέξομαι,
1028 2725 1085 2789 ἵνα
1108 2749 1148 2809 με
1172 2729 1213 2791 σὺ

198 2826 450 2913 παρασκευάσῃς
472 2824 525 2891 έπὶ
548 2827 588 2891 τὰ
616 2829 721 2892 οἰκεῖα
748 2830 842 2913 ἐργα;
871 2838 936 2895 νῦν
964 2828 993 2895 δ’
1020 2831 1115 2896 ούπω
1138 2833 1214 2918 ἔχω,

198 2936 378 2999 πίστευσόν
406 2956 471 3016 μοι.
515 2934 551 2996 τί
570 2927 633 2998 οὖν
660 2957 699 3018 με
726 2936 791 3019 πρὸ
819 2936 907 3022 ὥρας
929 2934 1134 3022 άποξηρᾶναι
1156 2937 1214 3003 θέ-
1227 2957 1250 2998 ιε

71 3095 73 3100 .
199 3044 278 3125 λεις,
302 3039 346 3115 ὡς
369 3038 468 3114 αὐτὸς
491 3036 689 3124 ἐξηράνθης;

272 3307 287 3354 1
306 3266 503 3371 τελισφορηάῆι
522 3298 557 3354 S:
574 3304 769 3373 τελεσφορηθῇ
788 3319 801 3358 ε
827 3287 838 3374 ss
865 3309 881 3359 ’ῖ
899 3304 988 3374 πάγος
1007 3302 1144 3379 εἰσβαλὼν
1165 3307 1215 3364 Ου-

199 3385 261 3425 νοω
291 3373 301 3440 ss
334 3377 367 3424 18
386 3372 426 3437 (et
444 3372 490 3440 20)
509 3371 596 3424 αὐτοῦ
614 3371 646 3426 S:
667 3389 769 3429 eorm
