2608 3928
153 226 185 277 (ο.
195 230 228 282 2⁶,
238 242 254 270 ¹·
264 229 323 271 5-0.
335 232 367 282 29,
378 240 394 270 ι.
404 225 426 278 ο)
539 218 781 272 ΕΓΧΕΙΡΙΔΙΟΝ.
1101 217 1167 282 443

151 375 265 445 πρώτην
288 374 442 446 προθύμως
468 372 545 444 ἥξεις
571 374 621 430 ἅτε
647 375 736 446 μηδὲν
762 384 818 430 τῶν
846 369 910 445 ἕξῆι
934 371 1167 447 ἕντοθυμημένος,

151 462 268 534 ὕστερον
296 462 328 518 δὲ
357 462 563 532 ἀναφανέντωυ
590 465 733 534 δυσχερῶν
759 484 845 519 τινων
868 463 987 535 αἰσχρῶς
1014 464 1166 537 ἀποστήσῃ.

124 549 247 616 σθέλεις
267 550 404 623 Ὀλύμπια
429 560 556 623 νικῆσαις
584 553 670 623 κάγώ,
698 553 733 622 νὴ
761 555 826 616 τούς
853 553 952 616 θεούς·
982 555 1093 625 κομψὸν
1115 553 1203 624 χάρλ

153 637 236 697 ἔστιν.
274 641 345 696 ἀλλὰ
369 641 468 697 σκόπει
490 642 525 696 τὰ
543 642 747 712 καθηχούμενα
766 643 815 697 καλ
832 642 868 696 τὰ
886 644 1034 698 ἀκόλουθα
1052 643 1102 698 καί
1120 641 1168 698 ού-

151 751 204 794 τως
222 729 312 785 ἅπτου
330 739 380 786 τοῦ
400 728 490 801 ἔρχου.
528 734 577 786 δεῖ
591 729 617 786 σ’
639 733 791 799 εὐτακτεῖν,
811 733 1045 802 ἀναχκοτροφεῖν,
1064 730 1166 803 ἀπέχε-

153 823 223 874 σθαι
241 817 401 891 πεμμάτων,
420 819 614 891 γυμνάζεσθαι
631 821 701 890 πρὸς
719 820 856 891 άνάχκην,
876 817 907 877 ἐν
927 820 985 896 ὥρᾳ
1004 819 1166 893 τεταγμένῃ,

153 903 184 963 έυ
203 907 338 978 καύμασι,
361 903 393 963 έν
411 907 506 978 ψύχει,
525 907 562 979 μὴ
581 909 692 979 ψυχρὸν
711 910 818 977 πίνειν,
837 909 875 979 μὴ
894 906 982 976 οἰκον,
1007 909 1043 972 ὡς
1062 907 1167 979 ἔτυχεν,

112 1011 139 1052 10
154 996 248 1060 ἅπλῶς
270 997 307 1060 ὡς
324 995 415 1070 [ἰατρῷ
434 994 670 1067 παραδεδωκέναι
693 999 811 1054 σεαυτὸν
829 1005 867 1070 τῷ
887 993 1033 1070 ἐπιστάτῃ,
1058 994 1118 1053 εἷτα
1136 993 1167 1052 ἐν

153 1090 191 1158 τῷ
215 1087 302 1156 άχῶυι
324 1086 568 1157 παρορύσσεσθαι,
592 1084 649 1141 ἐστι
672 1086 703 1142 δὲ
729 1086 774 1142 ὅτε
792 1095 872 1158 χεῖρα
892 1082 1034 1160 ἐκβαλεῖν,
1059 1087 1167 1157 σφυρὸν

154 1172 285 1245 στρέψαι,
305 1167 416 1244 Ιπολλὴν
435 1174 514 1244 ἁφὴν
532 1182 695 1244 καταπιεῖν,
723 1173 787 1230 ἐσθ’
809 1173 854 1230 ὅτε
880 1179 1095 1247 μαστιγωθῆναι
1118 1178 1167 1230 καλ

153 1262 222 1332 μετὰ
240 1263 347 1318 τούτων
365 1263 479 1319 πάντων
498 1267 662 1332 νικηθῆναι.
700 1273 789 1319 ταῶτα
812 1259 1048 1333 ἐπισκεψάμενος,
1072 1262 1108 1319 διν
1127 1262 1202 1323 έτι3

152 1349 249 1424 θέλῃς,
269 1350 352 1422 ἔρχου
372 1348 419 1407 ἐπὶ
437 1353 468 1407 τὸ
488 1353 597 1407 ἀθλεῖν.
635 1351 663 1406 εἰ
679 1352 711 1408 δὲ
730 1353 777 1424 μή,
801 1354 838 1416 ὡς
855 1353 890 1407 τὰ
908 1354 1010 1408 παιδία
1028 1353 1167 1423 ἀναστρα-

113 1454 138 1494 16
155 1439 240 1513 φήσῃ,
260 1440 279 1494 ἃ
297 1449 351 1495 νῶν
369 1441 420 1511 μὲν
439 1440 594 1503 παλαιστὰς
611 1443 718 1510 παίζει,
738 1450 790 1496 νῦν
810 1442 841 1496 δέ
860 1441 1045 1513 μονομάχους,
1064 1451 1117 1497 νῶν
1136 1441 1167 1496 δέ

153 1533 288 1597 σαλπίζει,
308 1527 367 1585 εἷτα
386 1532 534 1603 τραχφδεῖ
560 1529 630 1584 ούτω
650 1530 699 1584 καί
718 1531 750 1585 σύ
770 1539 822 1585 νῦν
842 1531 893 1600 μὲν
911 1530 1045 1600 ἀθλητής,
1063 1540 1116 1585 νῶν
1135 1530 1166 1585 δέ

153 1618 320 1696 μονομάχος,
340 1616 400 1674 εἷτα
420 1615 518 1689 ῥητωρ,
538 1615 598 1673 εἶτα
617 1603 779 1688 φιλόσοφος,
802 1618 850 1690 ὅλῃ
870 1618 901 1673 δὲ
920 1627 953 1690 τῇ
972 1627 1049 1689 ψυχῇ
1069 1617 1166 1674 οὐδέν·

153 1704 215 1762 ἀλλ’
237 1709 273 1771 ὡς
295 1709 421 1776 πίθηκος
443 1716 538 1762 πᾶσαν
560 1705 648 1775 θέαν,
675 1705 710 1775 ἣν
734 1706 771 1761 άν
795 1709 869 1779 ἴδῃς,
898 1715 966 1778 μιμῇ
985 1706 1035 1761 καλ
1052 1707 1118 1762 ἄλλο
1138 1703 1166 1774 ἐξ

153 1796 239 1852 άλλου
263 1815 307 1852 σοι
330 1794 449 1868 άρέσκειτ
493 1797 525 1850 ού
555 1795 608 1866 γὰρ
631 1794 701 1866 μετὰ
726 1793 850 1865 σκέψεως
872 1789 959 1864 ἦλθες
982 1791 1033 1850 ἐπί
1051 1815 1079 1849 τι
1100 1795 1167 1850 οὐδὲ

112 1900 140 1939 20
153 1885 352 1956 περιοδεύσας,
385 1879 446 1939 ἀλλ’
477 1883 538 1956 εἰκῇ
566 1884 615 1939 καλ
642 1883 715 1939 κατὰ
742 1883 856 1955 ψυχράν
884 1880 1049 1955 ἐπιθυμίαν.
1095 1883 1203 1943 ούτω4

151 1975 330 2046 θεασάμενοί
348 1993 423 2036 τινες
446 1972 603 2044 φιλόσοφον
625 1973 674 2028 καλ
698 1973 870 2037 ἀκούσαντες
889 1973 960 2028 ούτω
979 1973 1055 2036 τινὸς
1073 1975 1167 2042 λέχου-

152 2083 212 2131 τος,
239 2064 276 2126 ὡς
300 2061 453 2132 Εὐφράτης
476 2060 550 2130 λέχει
573 2064 676 2131 (καίτοι
699 2064 741 2124 τίς
764 2061 834 2117 ούτω
858 2063 979 2117 δύναται
1005 2061 1107 2130 εἰπεῖν,
1131 2063 1168 2126 ὡς

153 2146 293 2220 έκεῖνοςς),
325 2149 442 2206 θέλουσι
470 2151 517 2206 καλ
547 2151 627 2205 αὐτοὶ
652 2155 828 2220 φιλοσοφεῖν.
876 2152 1024 2221 ἄνθρωπε,
1056 2161 1201 2222 πρῶτονδ

153 2235 313 2310 ἐπίσκεψαι,
333 2239 433 2296 ὁποῖόν
453 2235 510 2294 ἐστι
528 2239 559 2294 τὸ
578 2248 705 2310 πρᾶγμα·
729 2239 788 2295 εἶτα
807 2241 856 2295 καλ
874 2240 925 2310 τὴν
944 2249 1062 2296 σεαυτοῦ
1082 2241 1167 2310 φύσιν

111 2340 138 2382 25
152 2327 316 2397 κατάμαθε,
349 2327 377 2383 εἰ
402 2329 525 2383 δύνασαι
548 2327 694 2402 βαστάσαι.
739 2327 899 2392 πένταθλος
926 2326 1001 2384 εἰναι
1028 2330 1122 2402 βούλει
1149 2327 1166 2397 ἢ

153 2417 320 2485 παλαιστήςς
340 2419 383 2473 ἰδε
403 2426 522 2473 σεαυτοῦ
537 2419 602 2481 τούς
616 2419 776 2490 βραχίονας,
787 2419 860 2481 Ιτούς
873 2417 986 2488 μηρούς,
1005 2417 1056 2486 τὴν
1075 2418 1166 2486 ὀσφύν

224 2601 240 2649 3
258 2592 336 2663 ἥξεις
353 2596 386 2662 V,
400 2614 426 2664 υ,
440 2595 500 2648 Nil.
516 2595 630 2662 (Diss.).·
648 2594 742 2664 ηύξεις
756 2596 783 2649 Β
798 2602 823 2649 et
838 2595 862 2649 0
871 2612 935 2662 τινα,
953 2594 1046 2661 άρξεις
1066 2594 1090 2649 0
1104 2612 1167 2658 ταις

153 2663 225 2733 έξεις
242 2666 271 2721 A
287 2683 335 2722 ινα.
354 2668 399 2732 (de
413 2666 442 2720 A
455 2667 502 2721 alt.
522 2672 592 2720 tacet
605 2665 702 2733 δαίετο.)
727 2669 737 2735 ΙΙ
759 2673 776 2718 λ
791 2667 932 2736 δυσχερῶν
946 2684 1030 2719 τινων
1049 2664 1168 2735 αἰσχρῶς

157 2738 245 2828 λΥψλβε
265 2745 350 2791 τινῶν
369 2735 491 2807 αἰσχρῶν
509 2736 598 2792 Εκυλι.
617 2735 706 2804 (Νάλς
729 2735 850 2807 αἰσχρῶν
874 2755 959 2826 τινωῃ
981 2735 1016 2800 V)
1051 2739 1061 2807 Ι)
1096 2738 1167 2791 ἀπο-

152 2806 449 2948 ἐλτίἰσύύκάίῗέέέλῧᾞ
469 2807 750 2948 λίέατύύίρύύιύσσέσθῗι
763 2807 963 2948 2U·pt.⁷e6dzj'ss†5:8
974 2807 1167 2949 Aegis&

151 2950 240 3005 Εκολ.
263 2949 352 3017 (Ντλ.,·
369 2951 443 3005 unde
462 2947 502 3012 εἰς
524 2949 573 3004 τὸν
592 2949 688 3018 ἀχῶυα
714 2949 800 3006 οου.
820 2950 888 3018 (Υ),·
910 2948 1088 3020 παρέχεσθαι
1110 2951 1167 3004 AB

151 3024 221 3091 εἰκῃ.
259 3023 269 3091 Ι)
304 3014 434 3092 ἐκβαλεῖν
458 3021 519 3090 Πμῖ.
539 3039 552 3076 ι
571 3022 651 3088 di88.;
670 3021 765 3112 βαλεῖν
784 3020 839 3075 AG
853 3023 923 3092 είαῃ,
944 3022 1044 3089 (Nil.);
1070 3023 1166 3113 λαβεῖν

154 3091 205 3160 Β’,·
229 3093 343 3165 βλαβεῖν
364 3091 450 3147 Cum.
478 3094 488 3161 ΙΙ
517 3097 549 3146 12
570 3089 627 3145 ἐστι
650 3093 668 3145 δ
701 3089 746 3146 ὅτε
767 3090 852 3146 οου.
874 3092 926 3160 (Υ)
963 3097 973 3164 ΙΙ
1011 3100 1042 3146 13
1061 3112 1167 3147 τουτων

153 3162 227 3217 Ντλ..·
250 3171 305 3216 τῶν
329 3162 417 3219 Εκαλ.
440 3168 560 3233 (μνααῖαι
584 3162 679 3230 θωνα,
703 3165 751 3231 φατ’
772 3163 852 3218 habet
875 3162 944 3232 μετά
966 3171 1055 3217 ταῦτα
1074 3162 1167 3217 πάντα

152 3251 213 3289 υκαι
232 3233 283 3302 Υ),·
301 3250 351 3288 om.
366 3233 455 3290 Ακκ.
483 3237 493 3303 ΙΙ
520 3249 545 3289 s·
564 3233 594 3289 8.
622 3241 710 3288 ταῦτα
730 3232 866 3306 <ττάντα>
887 3234 972 3290 Gwn.
992 3239 1032 3300 (v)
1063 3235 1072 3304 ΙΙ
1103 3233 1164 3288 ἀλλ’

153 3302 194 3358 ἔτι
212 3300 314 3376 ἐθέλῃς
327 3305 355 3358 Β
373 3305 437 3374 αλί.,·
455 3323 505 3360 om.
519 3306 585 3361 λιστα
598 3307 655 3359 tria
668 3305 749 3360 verba
763 3305 791 3358 Β
805 3307 852 3360 alt.
866 3307 919 3368 (ed.
939 3305 1019 3370 Hal.)
1046 3308 1055 3375 ΙΙ
1084 3311 1117 3359 18
1132 3302 1167 3372 ἣν

152 3373 188 3429 ἂν
210 3375 233 3430 0
243 3393 305 3430 ww:
325 3371 375 3430 ἐὰν
390 3376 418 3430 A
435 3394 483 3430 τινι.
500 3376 573 3444 (Υυς
590 3376 678 3444 Νἰί.),·
697 3373 733 3429 διν
748 3382 806 3432 cett.
821 3373 866 3446 (ἣν
882 3378 922 3432 αἰ.
937 3376 1017 3443 Hal.)
1039 3378 1049 3444 ΙΙ
1074 3365 1105 3430 19
1121 3370 1172 3430 ἐπί

153 3446 192 3517 τι]
213 3442 260 3500 ἐπὶ
278 3446 396 3516 τούρχου
421 3447 507 3501 Cim.
521 3446 574 3518 (Υ)
611 3449 620 3514 ΙΙ
657 3452 691 3501 20
713 3446 897 3516 περιοδεύσας
920 3447 1064 3518 Αθιείκῃ.
1085 3446 1167 3513 (Υυ).·

152 3518 343 3588 περιάδευσας
369 3524 427 3573 cett.
455 3519 540 3585 (Nil.)
585 3520 594 3588 11
636 3532 660 3574 Β.
679 3518 708 3575 4.
750 3524 783 3572 22
812 3519 849 3581 ὡς
876 3517 1028 3588 Εὐφράτης
1056 3517 1137 3584 Wolf
1154 3534 1167 3571 e

153 3589 231 3643 diosa
252 3588 288 3650 ὡς
307 3584 338 3642 εἰ
357 3587 509 3658 Σωκράτης
527 3589 614 3646 Εκολ.
635 3590 682 3660 (ὡς
701 3586 732 3644 εἰ
751 3610 792 3653 τις
812 3598 908 3659 σοφῶν
927 3589 999 3656 Nil.)
