2650 3930
137 193 183 251 (11,
198 199 231 251 ιο,
245 194 323 245 ε-εο)
420 185 572 239 ΒΙΒΑῙΟΝ
590 185 791 240 ΔΕΤΤΕΡΟΝ.
818 183 868 252 ιγ’.
1089 185 1154 248 143

136 346 203 412 οὐκ
229 346 371 430 ἠγωνία*
399 345 420 412 ἃ
447 346 510 432 γάρ
534 341 632 423 οὗτος
655 344 841 430 ἐθαύμαζεν
862 346 992 412 τούτων
1015 345 1154 424 οὐδενὸς

135 447 228 538 εἶχεν
255 449 380 528 έκεῑυος
407 449 577 535 ἐξουσίαν,
605 445 653 516 ὧν
681 448 711 516 ‹5’
739 447 827 537 εἶχεν
855 450 981 529 ἐκεῖνος
1008 453 1069 518 οὐκ
1098 453 1114 518 έ
1138 495 1153 503 -

136 553 315 643 εστρέφετο
334 553 444 635 οὗτος·
464 553 654 640 Ἀντίγονος
673 553 711 622 δὲ
735 557 869 641 Ζήνωνι
890 557 1019 642 μέλλων
1038 558 1152 643 έντυγ-
1174 576 1206 626 1ο

135 663 253 750 χάνειν
273 662 413 748 ἠγωνία,
434 660 490 728 καὶ
508 666 653 739 εἰκότως·
677 666 779 748 ἤθελε
798 664 861 749 γὰρ
880 662 1031 749 ἀρέσκειν
1052 665 1152 754 αὐτῷ,

105 779 237 835 ετοῦτο
256 766 287 833 δ’
310 767 371 848 ἔξω
390 771 508 835 ἔκειτο·
533 764 629 847 οὗτος
648 767 679 834 δ’
702 767 816 858 έκείνφ
836 770 897 835 οὐκ
915 771 1050 855 ἤθελεν,
1073 769 1153 837 οὐδὲ

135 875 201 961 γὰρ
224 877 325 953 ἀλλος
346 899 396 953 τις
418 880 566 961 τεχνίτης
587 885 633 964 τῷ
657 873 791 963 ἀτέχνφ.

200 979 286 1065 Ἐγώ
314 998 368 1048 σοι
395 980 512 1069 ἀρέσαι
534 981 640 1060 θέλως
669 979 744 1047 ἀντὶ
771 985 875 1060 τίνος;
904 977 999 1059 οἶδας
1026 983 1089 1068 γὰρ
1112 984 1151 1048 τὰ
1173 1002 1206 1052 16

137 1085 258 1173 μέτρα,
295 1085 373 1154 καθ’
408 1088 429 1152 ἃ
460 1092 608 1174 κρίνεται
644 1089 824 1174 ἄνθρωπος
857 1086 914 1153 ὑπ’
950 1088 1150 1173 ἀνθρώιωω

137 1191 301 1278 μεμέληκέ
325 1209 380 1259 σοι
406 1205 533 1277 γνῶναι
559 1198 595 1259 τί
621 1193 712 1259 ἐστιν
739 1195 868 1278 ἀγαθὸς
895 1195 1151 1281 ἄνθρωποςκαὶ

95 1325 124 1364 ιο
138 1301 173 1364 τί
197 1302 297 1378 κακὸς
322 1297 378 1366 καί
404 1311 474 1378 κῶς
502 1298 657 1386 ἑκάτερον
684 1303 847 1385 γίγνεταις
879 1301 935 1365 διὰ
961 1305 997 1366 τί
1022 1296 1084 1368 οὖν
1108 1307 1150 1369 σὺ

136 1405 237 1483 αὐτὸς
259 1405 387 1490 ἀγαθὸς
409 1406 471 1472 οὐκ
494 1401 537 1485 εἷς
572 1444 615 1454 -
646 1412 742 1490 Πῶς,
769 1411 889 1492 φησίν,
911 1408 973 1473 οὐκ
996 1410 1075 1494 είμί;
1107 1427 1205 1476 -17

127 1509 200 1576 Ὅτι
228 1509 340 1589 οὐδεὶς
366 1511 496 1596 ἀγαθὸς
522 1519 643 1578 πενθεῖ
668 1509 747 1579 οὐδὲ
775 1513 935 1599 στενάζει,
965 1513 1076 1593 οὐδεὶς
1104 1518 1152 1582 οί-

136 1619 246 1703 μώζει,
265 1616 377 1696 οὐδεὶς
395 1619 500 1706 ὠχριᾷ
518 1615 573 1684 καὶ
591 1616 701 1703 τρέμει
720 1614 801 1685 οὐδὲ
818 1618 906 1702 λέγει
921 1619 1001 1698 ‘we
1019 1619 1050 1706 μ’
1070 1621 1151 1688 ἀτιο-

137 1723 277 1808 ὃέξεται,
298 1737 368 1802 πῶς
390 1749 456 1810 μου
479 1723 642 1803 ἀκούσειέ
671 1723 902 1811 ἀνδράποδον,
930 1726 975 1803 ὡς
997 1725 1039 1792 ἀν
1062 1727 1150 1814 αὐτῷ
1171 1745 1205 1794 18

91 1853 123 1896 ιο
137 1831 229 1916 δοκῇ.
274 1836 309 1896 τί
329 1826 392 1897 οὖν
414 1848 468 1898 σοι
489 1830 580 1916 μέλει
602 1829 764 1917 περὶτῶν
783 1829 982 1917 ἀλλοτρίων;
1005 1841 1070 1898 νῦν
1089 1833 1151 1898 οὐκ

136 1935 268 2004 ἐκείνου
300 1937 475 2024 ἁμάρτημά
509 1926 579 2004 έστι
609 1940 647 2005 τὸ
678 1947 786 2015 κακῶς
813 1935 1039 2017 ἀποδέξασθαι
1068 1938 1150 2023 <τά>

135 2045 226 2130 παρὰ
250 2054 327 2124 σοῦ;
345 2081 390 2092 -
409 2048 489 2121 Πῶς
510 2045 574 2130 γὰρ
598 2045 654 2124 οὕς
673 2082 718 2093 -
735 2045 888 2110 Λάναται
911 2042 942 2108 δ’
964 2046 1068 2111 ἀλλον
1089 2041 1151 2130 μέν

136 2146 223 2217 εἶναι
246 2149 437 2237 ἁμάρτημα,
466 2152 570 2217 ἀλλον
599 2147 636 2215 δὲ
658 2154 776 2231 κακόν;
800 2189 843 2199 -
869 2151 930 2216 Οὔ.
956 2189 994 2200 -
1025 2155 1067 2216 Τί
1087 2147 1150 2218 οὖν

137 2256 284 2345 ἀγωνιᾷς
305 2253 390 2343 ὑπὲρ
413 2268 480 2322 τῶν
503 2254 703 2342 άλλοτρίωνς
728 2295 770 2304 -
794 2260 877 2322 Ναί·
907 2254 979 2323 ἀλλ’
1007 2257 1151 2342 ἀγωνιῶ,
1171 2277 1204 2325 19

92 2374 206 2440 εοττῶς
233 2361 297 2446 ἐγὼ
328 2363 417 2450 αὐτῷ
446 2366 588 2448 λαλήσω.
615 2399 658 2410 -
686 2358 756 2428 Εἶτ’
790 2362 851 2428 οὐκ
880 2361 984 2440 ἔξεστι
1011 2364 1076 2447 γάρ
1106 2363 1152 2440 ὡς

134 2467 249 2546 θέλεις
275 2469 365 2557 αὐτῷ
392 2473 547 2554 λαλησαις
578 2505 615 2517 -
642 2467 740 2534 Ἀλλὰ
772 2467 908 2535 δέδοικα
939 2471 984 2553 μὴ
1015 2467 1151 2554 ἐκκρου-

135 2582 219 2642 σθῶ.
239 2610 283 2622 -
300 2576 363 2659 Μή
384 2597 417 2640 τι
440 2576 582 2661 γράφειν
604 2573 735 2659 μέλλων
757 2575 795 2639 τὸ
814 2577 947 2652 Δίωνος
968 2577 1074 2659 ὄνομα
1098 2572 1150 2639 δέ·
1168 2592 1204 2642 20

137 2683 253 2759 ἀοικας
275 2682 320 2766 μὴ
341 2679 561 2766 ἐκκρουσθηςς
583 2718 625 2728 -
646 2680 817 2765 Οὐδαμῶς.
837 2717 880 2726 -
903 2682 946 2746 Τί
965 2681 1003 2746 τὸ
1026 2686 1148 2760 αίτιον;

136 2787 199 2874 οὐχ
223 2787 274 2852 ὅτι
296 2785 515 2872 μεμελέτηκας
537 2787 694 2874 γράφειν;
714 2824 756 2834 -
779 2791 859 2864 Πῶς
881 2788 944 2874 γὰρ
968 2788 1024 2866 οὓς
1045 2825 1087 2834 -
1110 2790 1153 2852 Τί

137 3008 227 3088 ἐαυτῷ
240 3019 279 3088 τῷ
293 3012 454 3070 συνειδέναι
468 3014 658 3084 άγωνίοισαυτι
673 3012 700 3069 εί
711 3013 748 3085 μὴ
763 3013 809 3070 ὅτε
826 3012 936 3082 Ζήνωνι
950 3013 1149 3083 συντυγχάνοι·

135 3088 230 3141 καίτοι
252 3089 364 3149 πολλοῖς
382 3084 476 3148 ἄλλοις
499 3089 703 3157 φιλοσοφοῦσιν
723 3081 855 3157 ἐνέτυχε),
884 3101 918 3140 ex
942 3084 1013 3155 ipsis
1036 3084 1150 3140 Arriani

134 3155 230 3212 vorbis
249 3156 399 3227 desumpta
415 3156 555 3214 videntur.

157 3300 190 3353 ὐτ
210 3234 244 3283 14
254 3244 295 3296 sq.
314 3227 349 3282 cf.
369 3227 456 3285 Enoh.
468 3234 516 3284 42:
536 3223 713 3300 έκιφθὲγγου
727 3228 780 3300 γὰρ
801 3222 849 3297 ἐφ’
870 3221 978 3301 ἕκάστφ
993 3226 1036 3283 ὅτι
1051 3225 1149 3294 ἔδοξεν

138 3319 157 3352 α
191 3321 223 3373 φ.
1034 3321 1037 3326 ’

207 3475 409 3548 θμεμελέτηκε
424 3475 457 3534 S:
561 3479 683 3547 οοτττωίς
700 3472 908 3546 μεμελέτητοιῖ.
938 3479 949 3546 ΙΙ
977 3482 1010 3532 12
1026 3473 1149 3540 στενάζει

136 3547 206 3620 S&
223 3551 256 3605 ίκ
274 3549 342 3619 ναι.)
373 3551 383 3620 η
415 3553 449 3604 16
488 3546 545 3621 τὰ)
564 3551 617 3605 im.
635 3548 665 3610 Se
