2626 3924
150 184 216 248 348
295 183 478 237 APP1ANOT
495 182 570 235 ΤΩΝ
588 180 805 234 mmmm
823 179 1018 231 AIATPIBQN
1047 211 1049 215 ψ

150 344 239 410 ἐστιν
271 342 367 427 αῦτη;
400 344 438 407 τὸ
469 346 568 427 βιοῦν
596 336 627 406 δ’
659 339 691 419 ἐξ
719 341 830 405 ἀλλων
856 349 958 404 τινῶν
985 337 1006 420 b}
1033 338 1165 403 τούτων

150 453 408 535 συμπληροῦται.
459 437 532 513 οἷον
566 445 607 511 διν
638 446 670 510 εί
700 445 719 511 ὁ
747 444 895 529 ἀθλητής
920 445 1017 528 κλαίη
1045 443 1095 518 είς
1126 444 1164 508 τὸ

97 570 130 618 12
150 556 286 621 στάδιον
309 555 434 637 εἰσιών,
457 553 507 618 ὅτι
525 553 569 637 μή
589 550 650 629 ἔξω
670 552 876 636 γυμνάζεται.
913 549 1043 615 τούτων
1066 547 1165 613 ἕνεκα

151 658 346 744 ἐγυμνάζου,
370 657 423 725 ἐπὶ
445 667 543 724 τοῦτο
563 658 599 722 οί
618 657 766 742 ἁλτῆρες,
788 656 808 740 ή
829 655 910 740 ἁφή,
933 656 969 720 οί
982 657 1164 722 νεανίσκοι.

150 764 205 831 καλ
231 775 295 832 νῦν
324 765 433 831 ἐκεῖνα
463 767 564 848 ζητεῖς
571 811 581 846 ,
612 762 666 827 ὅτε
698 771 759 828 τοῦ
787 765 887 848 ἔργον
914 764 1028 847 καιρός
1056 759 1162 838 ἐστιν;
1193 783 1207 823 5
1300 791 1301 798 ι

98 886 130 934 13
151 862 224 937 οἷον
246 874 278 936 εί
304 869 357 936 ἐπὶ
384 879 444 936 τοῦ
473 873 755 952 συγκαταθετικοῦ
781 870 886 933 τόπου
909 865 1165 953 παρισταμένων

150 988 343 1064 φαντασιῶν
357 986 424 1041 τῶν
438 971 500 1059 μέν
513 977 773 1057 καταληπτικῶν,
791 984 858 1038 τῶν
877 970 907 1037 δ’
925 971 1165 1056 ἀκαταλήπτων

150 1085 195 1168 μή
216 1084 335 1159 ταύτας
353 1083 538 1165 διακρίνειν
556 1078 725 1164 θέλοιμεν,
748 1076 820 1144 ἀλλ’
842 1077 1105 1161 ἀναγιγνώσκειν
1123 1077 1166 1142 τά

150 1186 226 1271 περὶ
248 1188 468 1269 καταλήψεως.

98 1306 132 1354 14
221 1294 264 1356 Τί
284 1286 405 1357 οὖντὸ
429 1296 549 1369 αίτιον;
579 1291 630 1355 ὁτι
659 1287 817 1356 οὐδέποτε
840 1290 961 1355 τοῦτον
985 1289 1081 1354 ἕνεκα
1104 1287 1164 1354 ἀν-
1179 1312 1206 1351 ιο

152 1395 316 1481 ἔγνωμεν,
343 1393 501 1463 οὐδέποτε
529 1396 650 1462 τοῦτον
678 1395 774 1460 ἕνεκα
802 1394 1006 1480 ἐγράψαμεν,
1036 1391 1080 1460 ἵν’
1108 1392 1165 1459 ἐπὶ

150 1513 217 1568 τῶν
241 1505 347 1586 ἔργων
374 1503 456 1568 κατδι
483 1503 587 1588 φύσιν
609 1503 768 1587 χρώμεθα
789 1512 860 1578 ταῖς
881 1501 1166 1587 προσταττούσαις

150 1613 357 1693 φαντασίαις,
380 1606 452 1673 ἀλλ’
479 1608 584 1674 αὐτὸῦ
605 1608 833 1691 καταλήγομεν
855 1613 989 1691 μαθεῖν,
1018 1608 1054 1671 τί
1073 1605 1165 1688 λίγε-

150 1737 215 1798 ται,
237 1712 293 1780 καὶ
311 1715 400 1802 άλλςο
420 1715 588 1779 δύνασθαι
607 1710 841 1797 ἐξηγήσασθαι,
860 1714 919 1777 τὸν
938 1713 1164 1795 συλλογισμὸν

98 1831 132 1898 1η
150 1818 314 1885 ἀναλῦσαι
340 1817 396 1885 καὶ
423 1821 482 1884 τὸν
510 1819 711 1884 ὑποθετικὸν
741 1817 929 1902 ἐφοδεῦσαι.
979 1819 1036 1882 διδι
1063 1826 1163 1882 τοῦτο
1178 1838 1203 1879 15

112 1901 127 1918 Ἄ
151 1925 235 1989 ὅπου
257 1924 279 2005 ῆ
302 1925 441 2004 σπουδή,
465 1921 536 1987 ἐκεῖ
551 1920 643 1988 καλὸ
667 1921 877 2007 ἐμποδισμός.
922 1919 1033 1999 θέλεις
1055 1923 1096 1987 τά
1117 1925 1164 2006 μῆ
1292 1895 1301 2034 w

151 2025 205 2094 ἐπὶ
228 2024 281 2092 σοὶ
304 2025 337 2104 ἐξ
361 2028 518 2104 άπαντος;
547 2027 680 2092 κωλῦον
703 2031 836 2110 τοίνυν,
863 2025 1055 2112 ἐμποδίζον,
1083 2026 1164 2093 ἀπο-

100 2147 132 2197 16
151 2133 301 2218 τύγχανε.
345 2132 377 2196 εί
395 2127 431 2195 δέ
449 2131 489 2195 τά
507 2129 583 2215 περὶ
601 2131 705 2217 ὁρμῆς
723 2133 844 2198 τωλτον
862 2131 958 2198 ἕνεκα
978 2132 1164 2217 ἀναγιγνώ-

151 2253 300 2322 σκοιμεν,
323 2236 383 2322 οὐχ
408 2237 464 2301 ἵνα
487 2237 624 2321 ίδωμεν,
646 2241 681 2302 τί
701 2235 829 2321 λέγεται
851 2236 927 2322 περὶ
950 2239 1062 2324 ὁρμῆς,
1086 2235 1157 2302 ἀλλ’

151 2340 195 2409 ἵν’
213 2336 251 2409 εὖ
269 2343 436 2428 ὁρμῶμεν·
455 2343 495 2406 τά
511 2339 586 2427 περὶ
601 2340 739 2428 ὀρέξεως
752 2342 808 2408 καὶ
826 2342 1009 2425 ἐκκλίσεως,
1027 2343 1084 2407 ἴνα
1101 2345 1163 2427 μή·
1177 2366 1202 2406 ω

150 2447 221 2516 ποτ’
245 2449 439 2535 ὀρεγόμενοι
457 2443 736 2532 ἀποτυγχάνωμεν
754 2444 826 2532 μήτ’
849 2446 1055 2524 ἐκκλίνοντες
1072 2466 1163 2534 περι-

150 2558 332 2639 πίπτωμεν·
350 2555 390 2619 τδι
407 2551 483 2639 περὶ
505 2556 711 2638 καθήκοντος
729 2549 776 2636 δ’,
795 2554 853 2618 ἵνα
871 2551 1073 2638 μεμνημένοι
1095 2564 1162 2619 τῶν

150 2658 294 2744 σχέσεων
326 2657 430 2744 μηδὲν
462 2657 642 2741 ἀλογίστως
668 2654 753 2742 μηδὲ
779 2655 857 2744 παρ’
889 2659 973 2724 αὐτὰ
1002 2670 1162 2742 ποιῶμεν·

99 2779 131 2828 1⁷
151 2765 213 2830 οὐκ
235 2763 277 2830 ἀν
299 2766 548 2848 ἠγανακτοῦμεν
570 2764 654 2849 πρὸς
674 2764 715 2828 τά
734 2762 974 2848 ἀναγνώσματα
992 2763 1130 2848 ἐμποδιζ
1148 2803 1162 2814 -

151 2892 256 2953 μενοι,
278 2869 362 2934 ἀλλά
383 2877 429 2958 τῷ
442 2869 491 2933 ’τά
514 2870 594 2953 ἔργα
618 2867 816 2934 ἀποδιδόναι
836 2869 876 2934 τά
893 2867 1080 2952 κατάλληλα
1102 2870 1160 2954 ήρ-
1173 2891 1198 2931 ει

150 2975 301 3057 κοῦμεθα
332 2971 387 3038 καὶ
418 2975 628 3059 ήριθμοῦμεν
659 2972 701 3039 ἀν
730 2974 770 3040 οὐ
797 2985 900 3041 ταῦτα
927 2974 948 3039 ἀ
975 2972 1071 3060 μέχρι
1097 2985 1161 3041 νῦν

222 3233 350 3285 ῦκλαίοι
370 3231 467 3286 Comes
493 3234 503 3300 ή
533 3232 667 3288 ῦτοάτον
687 3229 770 3287 ἕνεκα
789 3232 820 3293 δι
850 3235 860 3303 ὁ
891 3230 974 3289 aaz
992 3235 1079 3289 τοῦτω
1099 3236 1159 3306 Πμί.

150 3302 240 3356 τοοά.
272 3301 282 3368 u
314 3303 531 3383 ’λκαταληπτῶν
550 3302 581 3362 S„
609 3304 627 3426 Ιή
652 3309 684 3358 16
702 3301 801 3372 θέληις
815 3304 847 3360 S:
865 3321 934 3361 corr.
952 3322 987 3360 m.
1002 3289 1096 3374 κακή
1126 3313 1162 3361 20

152 3368 191 3424 ἵν’
212 3367 244 3424 εδ
261 3378 372 3439 compat:
392 3369 439 3424 ἵνα
458 3371 492 3439 8,·
510 3374 557 3426 λ’να
575 3372 610 3444 <s
630 3373 649 3443 >
667 3373 698 3435 δ’»
728 3377 739 3441 ΙΙ
768 3373 895 3444 δμῶμεν
914 3394 948 3431 m.
967 3392 1032 3431 κιαι
1052 3375 1161 3446 δεσμεν

151 3441 175 3495 S
202 3441 213 3509 ΙΙ
243 3446 276 3493 21
297 3438 527 3508 ἀποτογγάνομεν
546 3442 579 3497 S:
597 3459 665 3498 corr.
685 3443 716 3504 δι
744 3445 754 3512 fl
781 3394 957 3508 ἐκκλίναντες
971 3446 1002 3502 S:
1020 3460 1090 3503 σοιν.
1105 3447 1136 3509 δι
1152 3447 1162 3519 ή

151 3516 187 3564 25
205 3510 240 3564 τὰ
258 3508 331 3563 κατὰ
349 3509 453 3576 ἄλληλα
471 3510 503 3564 S:
522 3527 589 3566 corr.
609 3530 622 3567 ο
