2650 3930
192 203 259 268 130
341 203 524 256 APPIANOT
541 203 616 257 ΤΩΝ
633 203 851 256 ΕΠΙΚΤΗΤΟΤ
868 204 1062 258 ΔΙΑΤΡΙΒΩΝ

190 363 391 448 ἀποκείμενα
428 363 508 430 ὅταν
540 359 602 449 μὲν
633 365 780 450 θελήσῃς
812 363 848 430 ἐκ
878 367 1058 452 προχείρου
1091 366 1208 450 λαβὼν

191 468 296 549 δεῖξαι
319 472 474 554 δύνασαι,
497 465 552 535 ἀπ’
575 469 685 535 αὐτῶν
704 468 744 534 δέ
760 486 814 536 σοι
838 471 958 555 ὄφελος
980 467 1080 537 οὐδὲν
1104 474 1136 537 εί
1159 473 1207 557 μὴ

137 595 170 644 19
190 576 286 664 μέχρι
316 587 377 643 τοῦ
406 577 518 643 δοκεῖν
546 576 597 641 ὅτι
629 579 721 661 ἔχεις.
770 579 806 641 τί
829 577 894 663 γάρ
923 577 1073 662 διαφέρει
1101 588 1207 644 ταῦτα

189 682 382 769 ἐξηγεῖσθαι
399 682 420 767 ἢ
438 684 478 748 τά
496 693 563 749 τῶν
582 679 798 768 ἑτεροδόξωνς
820 686 1010 769 τεχνολόγει
1032 693 1097 750 νῦν
1119 691 1206 750 καθ-

190 793 264 868 ίσας
295 791 335 856 τά
359 787 557 874 Ἐπικούρου
590 787 646 855 καὶ
671 790 754 875 τάχα
781 789 911 856 ἐκείνου
942 791 1206 877 χρῃστικάτερον
1235 810 1250 851 ε

188 898 447 982 τεχνολογήσεις.
484 899 520 961 τί
539 891 601 962 οὖν
619 898 772 962 Σπιικὸν
796 894 903 978 λέγεις
925 899 1076 981 σεαυτόν,
1098 900 1134 963 τί
1154 896 1205 976 §e-

191 1012 318 1092 απατᾷς
340 1006 418 1080 τοὺς
439 1003 595 1086 πολλούς,
621 1006 658 1067 τί
676 1003 842 1090 ὑποκρίνῃ
865 1000 1033 1070 Ἰουδαῖον
1060 1003 1109 1069 ὢν
1126 1002 1205 1070 Ἕλ-

134 1127 171 1176 20
190 1115 268 1194 λῃν;
302 1110 362 1196 οὐχ
391 1110 486 1197 δρᾷς,
518 1120 588 1187 πῶς
615 1109 751 1188 ἕκαστος
778 1108 907 1195 λέγεται
931 1108 1107 1194 Ἰουδαῖος,
1133 1120 1204 1188 πῶς

188 1216 313 1299 Σύρος,
330 1227 400 1293 πῶς
417 1217 614 1300 Αίγύπτιος;
637 1215 693 1283 καὶ
711 1218 791 1285 ὅταν
809 1219 884 1283 τινὰ
902 1216 1204 1303 ἐπαμφοτερίζοντα

190 1322 330 1406 ίδοιμεν,
362 1322 529 1406 εἰώθαμεν
560 1320 670 1406 λέγειν
694 1322 767 1389 εοὐκ
798 1324 889 1389 ἔστιν
918 1317 1094 1408 Ἰουδαῖος,
1126 1321 1200 1388 ἀλλ’
1219 1341 1247 1381 1⁰

188 1427 424 1512 ὑποκρίνεταί.
470 1428 550 1494 ὅταν
578 1425 608 1493 δ’
636 1428 786 1516 ἀναλάβῃ
812 1433 851 1497 τὸ
872 1429 983 1508 πάθος
1004 1431 1042 1496 τὸ
1065 1419 1125 1495 τοῧ
1147 1433 1204 1514 βε-

188 1532 361 1619 βαμμένον
392 1532 448 1599 καὶ
475 1531 661 1622 ᾑρημένου,
693 1537 766 1600 τότε
792 1533 849 1600 καί
876 1537 946 1601 ἔστι
972 1543 1018 1623 τῷ
1047 1537 1119 1601 ὄντι
1146 1534 1204 1601 καί

134 1658 169 1706 21
188 1644 336 1707 καλεῖται
363 1637 534 1718 Ἰουδαῖος.
588 1640 675 1707 οὕτω
711 1638 766 1705 καὶ
798 1639 891 1724 ἡμεῖς
926 1643 1203 1726 παραβαπτισταί,

188 1750 277 1837 λόγῳ
298 1744 360 1832 μὲν
375 1745 543 1830 Ἰουδαῖοι,
565 1749 651 1836 ἔργῳ
671 1744 700 1810 δ’
724 1747 805 1811 ἄλλο
826 1769 870 1829 τι,
892 1743 1101 1830 ἀσυμπαθεῖς
1118 1749 1203 1832 πρὸς

188 1855 247 1919 τὸν
275 1857 393 1937 λόγον,
421 1853 550 1940 μακρὰν
577 1851 642 1919 άπὸ
665 1860 726 1919 τοῦ
748 1858 894 1938 χρῆσθαι
911 1853 1041 1930 τούτοις
1064 1852 1085 1918 ἃ
1108 1851 1202 1937 λέγο-
1218 1870 1244 1912 1⁵

134 1978 168 2026 νε
187 1981 264 2043 μεν,
287 1956 339 2043 ἐφ’
362 1950 412 2035 οἷς
430 1959 475 2036 ὡς
492 1959 618 2036 είδότες
635 1957 719 2024 αὐτά
742 1957 957 2043 ἐπαιρόμεθα.
997 1958 1103 2036 οὕτως
1122 1957 1203 2026 οὐδὲ

187 2066 249 2148 τὴν
280 2074 341 2130 τοῦ
373 2062 556 2149 ἀνθρώπου
588 2063 787 2149 ἐπαγγελίαν
817 2070 988 2153 πληρῶσαι
1021 2065 1202 2150 δυνάμενοι

187 2171 489 2255 προσλαμβάνομεν
502 2172 564 2255 τὴν
577 2181 638 2237 τοῦ
653 2174 854 2256 φιλοσόφου,
872 2176 1046 2255 τηλικοῦτο
1060 2179 1202 2258 φορτίον

188 2267 262 2342 οἷον
289 2283 324 2342 εί
345 2301 396 2354 τις
423 2275 503 2342 δίκα
530 2281 643 2362 λίτρας
669 2271 748 2363 άραι
775 2279 819 2362 μὴ
848 2278 1033 2362 δυνάμενος
1059 2280 1119 2345 τὸν
1141 2289 1201 2346 τοῦ

187 2389 333 2462 Αίαντος
355 2387 456 2451 λίθον
477 2383 652 2468 βαστάζειν
672 2385 805 2467 ἤθελεν.

243 2787 280 2855 ι’.
317 2793 407 2867 Πῶς
428 2789 502 2856 άπὸ
524 2801 601 2856 τῶν
624 2789 830 2874 ὀνομάτων
853 2790 898 2855 τά
920 2791 1148 2874 καθήκοντα

522 2897 632 2962 ἔστιν
654 2894 867 2982 εὑρίσκειν.

154 3056 167 3104 1
255 3034 386 3116 Σκίγαι
398 3040 449 3114 τίς
466 3031 505 3102 εί.
535 3039 574 3103 τὸ
591 3048 724 3124 πρῶτον
738 3038 928 3123 ἄνθρωπος,
946 3049 1045 3105 τοῦτο
1060 3037 1091 3105 δ’
1109 3042 1200 3107 ἔστιν

188 3139 290 3210 οὐδὲν
317 3145 403 3229 ἔχειν
429 3144 632 3231 κυριώτερον
658 3141 897 3232 προαιρέσεως,
924 3143 1008 3212 ἀλλὰ
1035 3147 1138 3234 ταύτῃ
1160 3149 1200 3213 τά

260 3340 295 3390 20
313 3334 394 3391 Hom.
413 3335 446 3390 Il.
465 3339 496 3389 H
507 3342 568 3391 264.

260 3499 275 3549 ’ί
296 3491 422 3556 ίουδαῐος
437 3492 476 3548 διν
496 3491 612 3563 ἕλλῃνας
624 3494 658 3550 8:
673 3493 828 3557 Ἰουδαίους
846 3492 886 3548 διν
898 3491 1001 3566 Ἕλλην
1024 3497 1085 3568 Upt.
1100 3515 1114 3554 e
1127 3500 1198 3566 ⁶⁰⁴3&
1306 3537 1307 3540 ,

184 3561 324 3620 Ἰουδαῖον
331 3560 434 3635 Ἕλλην
448 3563 487 3619 ὢν
501 3565 588 3622 δάιον.
608 3567 617 3636 [Ι
637 3570 673 3619 24
685 3565 839 3636 τανταάτῃι
852 3566 875 3622 S
888 3569 1040 3638 (ειδγνίιιε
1052 3589 1105 3624 ταν
1119 3576 1200 3639 ενοι.)
1305 3563 1307 3646 λ
