2636 3930
177 181 244 245 262
322 183 506 236 APP1ANOT
524 183 598 236 ΤΩΝ
615 184 832 235 mmmm
849 183 1044 236 Διουειοωα

178 343 346 428 ἁψάμενός
368 367 418 420 τις
440 344 522 409 άυευ
538 350 630 408 θεῶν
649 343 805 429 ἀσφαλῶς
822 344 938 423 ἅψεται
956 341 1012 408 καὶ
1031 342 1066 408 οί
1081 344 1194 432 τούτῳ

126 467 158 514 13
178 453 372 536 προσιόντες
399 449 543 534 εὐτυχῶς
572 451 865 534 προσελεύσονται;
899 452 933 515 τί
963 451 1043 515 ἄλλο
1071 461 1194 531 ποιεῖς,

178 557 353 641 ἄνθρωπε,
385 555 404 639 ή
437 555 477 620 τά
505 557 668 641 μυστήρια
697 553 812 640 ἐξορχή
840 553 896 620 καί
923 553 1029 638 λε’γεις
1056 555 1193 638 “οίκημά

178 661 247 728 ε’στι
270 660 324 727 καὶ
348 661 385 727 ἐν
399 657 575 744 Ἐλευσῖνι,
599 663 673 727 ίδοὺ
694 659 749 726 καί
769 661 899 726 ἐνθάδε.
946 659 1193 747 ἐκεῖίεροφάν-

178 789 246 853 της·
275 766 331 833 καί
359 766 422 849 ἐγὼ
450 769 577 851 ποιήσω
607 768 815 852 ἱεροφάντην.
862 765 930 831 ἐκεῖ
954 766 1071 852 κήρυξ·
1098 765 1192 850 κάγὼ
1220 787 1234 826 ι

178 877 305 960 κήρυκα
332 876 532 958 καταστήσω.
582 873 651 938 ἐκεῖ
683 874 857 960 δᾳδοῦχος·
889 872 979 956 κάγὼ
1013 874 1193 960 δᾳδοῦχον.

179 979 248 1046 ἐκεῖ
268 981 378 1067 δᾷδες·
402 977 457 1044 καὶ
481 979 613 1044 ἐνθάδε.
644 977 695 1044 ἀί
713 975 826 1063 φωναὶ
848 978 886 1041 αί
905 977 1013 1043 αὐταί
1042 978 1081 1042 τδι
1098 981 1194 1060 γινό-

128 1103 160 1151 14
180 1109 263 1170 μενα
281 1090 316 1150 τί
331 1084 480 1171 διαφέρει
499 1094 600 1150 ταῦτα
619 1083 783 1162 ἐκείνων;’
807 1082 1001 1167 ἀσεβέστατε
1020 1084 1194 1169 ἄνθρωπε,

181 1187 282 1257 οὐδὲν
314 1188 478 1274 διαφίρει;
512 1186 568 1253 καί
599 1190 688 1273 παρὰ
719 1192 821 1255 τόπον
852 1199 954 1254 ταῦτα
987 1188 1108 1274 ὠφελεῖ
1134 1188 1193 1254 καὶ

180 1296 268 1380 παρὰ
291 1297 422 1380 καιρόν·
446 1291 500 1358 καὶ
523 1296 604 1378 μετά
626 1298 748 1371 θυσίας
771 1291 808 1359 δὲ
831 1292 886 1360 καὶ
909 1290 978 1378 μετ’
1005 1295 1112 1380 εὐχῶν
1135 1293 1193 1360 καὶ
1208 1314 1234 1354 ιο

181 1403 430 1486 προηγνευκότα
447 1398 503 1464 καί
519 1401 795 1485 προδιακείμενον
812 1410 853 1486 τῇ
872 1402 998 1486 γνώμη,
1021 1401 1071 1466 ότι
1088 1401 1194 1486 ίεροῖς

129 1525 160 1573 15
180 1507 435 1591 προσελεύσεται
466 1504 521 1572 καί
554 1506 654 1591 ίεροῖς
685 1512 845 1588 παλαιοῖς.
901 1506 1005 1584 οὕτως
1042 1505 1194 1593 ὠφέλιμα
1298 1533 1299 1536 ’

181 1617 306 1697 γίνεται
328 1613 368 1677 τά
391 1615 571 1699 μυστήρια,
601 1612 706 1689 οὕτως
732 1615 779 1690 είς
805 1616 991 1698 φαντασίαν
1015 1612 1194 1700 ἐρχόμεθα,

179 1720 231 1785 ὅτι
254 1718 307 1784 ἐπὶ
329 1720 462 1806 παιδείᾳ
484 1717 539 1784 καί
564 1717 792 1802 ἐπανορθώσει
822 1728 882 1786 τοῦ
904 1722 981 1803 βίου
1004 1720 1192 1804 κατεστάθη
1299 1735 1300 1742 ’

128 1843 160 1892 ιε
180 1827 286 1891 πάντα
317 1836 419 1892 ταῦτα
451 1827 517 1891 ὑπὸ
544 1836 611 1890 τῶν
638 1830 796 1890 παλαιῶν.
847 1828 889 1890 σὺ
922 1823 952 1890 δ’
988 1825 1193 1910 ἐξαγγέλλεις
1208 1842 1232 1882 1⁵

180 1932 262 1996 αὐτὰ
285 1929 339 1996 καὶ
364 1930 479 2016 ἐξορχή
502 1932 591 2017 παρά
613 1934 740 2017 καιρόν,
764 1932 852 2018 παρὰ
875 1935 993 2015 τόπον,
1024 1933 1105 1998 άνευ
1127 1939 1193 1998 θυ-
1300 1948 1301 1986 λ

180 2036 309 2120 μάτων,
341 2038 421 2101 άνευ
450 2035 594 2119 ἁγνείας·
631 2035 693 2101 οὐκ
723 2036 847 2122 ίσθήτα
874 2039 958 2122 ἔχεις
984 2037 1026 2121 ήν
1054 2039 1106 2103 δεῖ
1133 2041 1193 2103 τὸν

181 2140 393 2226 ίεροφάυτην,
417 2141 458 2207 οὐ
480 2145 598 2228 κόμην,
628 2143 669 2209 οὐ
692 2146 853 2230 στρόφιον
875 2135 949 2210 οἷον
973 2145 1035 2227 δεῖ,
1058 2143 1098 2210 οὐ
1122 2168 1194 2228 φω-

179 2249 255 2331 νήν,
279 2246 339 2332 οὐχ
358 2247 500 2333 ήλικίαν,
519 2249 580 2334 οὐχ
599 2249 762 2332 ήγυευκας
780 2250 824 2326 ὡς
843 2247 978 2334 ἐκεῖνος,
997 2243 1069 2314 ἀλλ’
1091 2249 1194 2328 αὐτάς

180 2356 283 2438 μόνας
304 2355 363 2431 τάς
384 2355 498 2438 φωνάς
520 2353 707 2439 ἀνειληφὼς
726 2354 832 2438 λέγεις
850 2353 951 2441 Ἱεραί
966 2356 1051 2420 εἰσιν
1070 2356 1108 2420 αί
1122 2379 1192 2440 φω-
1207 2371 1234 2411 ²⁰

180 2458 236 2526 ναὶ
259 2458 356 2527 αὐταὶ
379 2457 457 2526 καθ’
484 2459 605 2538 αὐτός’.

128 2584 160 2632 17
239 2566 362 2634 ’Ἀλλον
384 2570 508 2653 τρόπον
531 2567 585 2631 δεῖ
604 2564 658 2631 ἐπὶ
680 2576 782 2633 ταῦτα
806 2566 931 2632 ἐλθεῖν·
956 2566 1038 2652 μίγα
1063 2565 1132 2633 ἐστὶ
1155 2571 1193 2634 τὸ

179 2681 329 2756 πρᾶγμα,
356 2675 515 2756 μυστικόν
539 2670 644 2755 ἐστιν,
672 2672 733 2756 οὐχ
761 2672 805 2749 ὡς
828 2673 941 2758 ἔτυχεν
965 2668 1045 2738 οὐδὲ
1067 2681 1113 2761 τῷ
1135 2697 1193 2738 τυ-

90 2770 94 2776 *
129 2796 161 2845 18
180 2782 272 2864 χόντι
291 2775 481 2861 δεδομένον.
518 2773 590 2842 ἀλλ’
613 2772 693 2842 οὐδὲ
712 2779 820 2862 σοφὸν
838 2773 924 2844 εἶναι
942 2780 1043 2863 τυχὸν
1062 2777 1195 2864 ἐξαρκεῖ

179 2885 261 2970 πρὸς
283 2884 320 2948 τὸ
345 2881 584 2968 ἐπιμεληθῆναι
607 2881 706 2948 νέων·
736 2885 789 2948 δεῖ
816 2879 853 2948 δὲ
875 2881 931 2949 καὶ
952 2885 1192 2970 προχειρότητά
1206 2901 1232 2941 25

180 3014 254 3055 τινα
277 2983 363 3054 εἶναι
386 2985 441 3052 καὶ
465 2987 711 3073 ἐπιτηδειότητα
733 2989 817 3074 πρὸς
838 2997 950 3071 τοῦτο,
971 2989 1013 3072 νή
1032 2990 1093 3053 τὸν
1110 2993 1192 3074 Δία,

179 3093 234 3161 καὶ
262 3105 356 3179 σῶμα
382 3095 481 3159 ποιὸν
507 3091 562 3159 καὶ
591 3097 656 3181 πρὸ
686 3094 821 3160 πάντων
847 3097 907 3160 τὸν
933 3095 1018 3160 θεὸν
1046 3098 1193 3178 συμβου·

130 3219 160 3267 ευ
181 3203 289 3266 λεύειν
307 3203 430 3285 ταύτην
448 3201 509 3284 τήν
527 3201 640 3286 χώραν
656 3211 843 3285 κατασχεῖν,
861 3201 905 3277 ὡς
923 3198 1094 3284 Σωκράτει
1112 3216 1193 3265 συν-

180 3308 358 3391 εβούλευεν
384 3306 445 3389 τήν
479 3305 668 3390 ἐλεγκτικὴν
694 3307 805 3391 χώραν
833 3307 937 3390 ἔχειν,
964 3306 1009 3382 ὡς
1034 3305 1193 3387 Διογένει

254 3537 285 3586 17
306 3529 420 3601 ἁγνείας
437 3547 464 3586 8:
482 3530 588 3599 ὑγιείας
606 3530 628 3584 S
658 3533 668 3599 ss
700 3535 733 3585 18
752 3528 847 3598 κόμην
866 3530 898 3586 S.-
918 3547 987 3586 corr.
1005 3546 1020 3586 ε
