2650 3930
117 203 158 260 (11,
173 207 205 260 ιτ,
219 207 306 258 ιο-ιε,
321 201 343 252 τ)
380 192 533 244 BIBAION
550 192 752 248 AE'ITEPON.
771 190 822 263 ιβ’.
841 191 891 262 ιγ’.
1068 191 1131 254 141

378 526 436 614 ιγ’.
472 527 572 614 Περί
594 540 663 596 τοῦ
686 529 869 614 ἀγωνιᾶν.

177 670 281 737 Ὅταν
311 671 507 755 ἀγωνιῶντα
534 671 596 736 ἰδω
623 671 824 757 ἄνθρωπον,
850 670 950 756 λέγω·
979 669 1076 750 οὗτος
1101 676 1168 739 τίι

118 801 199 845 ποτε
221 776 330 856 θέλεις
359 779 391 843 εἰ
418 778 463 861 μὴ
486 788 553 842 τῶν
577 776 638 842 οὐκ
662 771 713 862 ἐφ’
739 777 829 867 αύτῷ
851 802 883 844 τι
905 781 1044 864 ἤθελεν,
1065 791 1136 856 πῶς

119 884 162 951 ἂν
185 887 234 950 ἔτι
256 885 398 968 ηγωνίας
423 884 480 948 διά
502 893 601 949 τοῦτο
623 881 679 948 καλ
702 883 720 950 ὁ
740 885 930 973 κιθαρῳδὸς
952 887 1054 969 μόνος
1072 882 1169 969 μένε

92 989 213 1079 ιᾷδων
237 990 299 1057 οὐκ
320 989 460 1078 ἀγωνιᾷ,
489 992 537 1067 εἰς
564 988 710 1077 θέατρον
740 986 771 1055 δ’
798 993 1043 1078 εἰσερχόμενος,
1072 990 1135 1056 κάν

121 1100 197 1163 λίαν
221 1098 372 1183 εὔφωνος
394 1090 416 1183 ᾖ
440 1094 494 1162 καὶ
517 1101 625 1174 καλῶς
642 1100 810 1183 κιδαρίζγ
835 1097 876 1163 ού
893 1098 956 1184 γάρ
981 1090 1058 1185 ᾆσαι
1076 1100 1136 1181 μό-

120 1227 184 1270 νον
206 1202 301 1270 θέλει
323 1207 443 1286 καλῶς,
466 1201 550 1269 ἀλλὰ
572 1201 627 1268 καὶ
645 1203 878 1289 εὐδοκιμῆσαι,
902 1213 1001 1270 τοῦτο
1026 1201 1055 1268 δ’
1080 1203 1136 1269 ού-

120 1308 189 1375 κέτι
213 1307 304 1374 ἐστὶν
328 1306 377 1374 ἐπ’
404 1308 503 1396 αὐτῷ.
542 1309 660 1375 λοιπὸν
684 1305 725 1374 οὗ
748 1305 809 1393 μὲν
826 1308 847 1392 ἡ
867 1309 1026 1396 ἐπιστήμη
1046 1309 1171 1399 αύτῷο

120 1418 317 1501 πρόσεστιν,
346 1413 416 1480 ἐκεῖ
439 1416 477 1480 τὸ
505 1414 641 1497 θάρσος.
686 1413 767 1499 φέρε
798 1412 839 1479 ὃν
860 1412 972 1493 θέλεις
998 1417 1136 1500 ἰδιώτην

81 1545 109 1585 ιο
122 1519 178 1588 καλ
201 1521 264 1586 οὐκ
287 1518 529 1606 ἐπιστρέφεται·
553 1520 638 1586 ὅπου
660 1517 690 1583 δ’
714 1520 776 1586 οὐκ
794 1515 887 1586 οἰδεν
905 1518 986 1587 οὐδὲ
1003 1520 1136 1606 μεμελέ-

122 1649 239 1711 τηκεν,
265 1625 335 1691 ἐκεῖ
361 1624 499 1713 άγωνιᾷ.
544 1629 579 1691 τί
603 1621 634 1690 δ’
661 1627 731 1690 ἔστι
757 1636 871 1706 τοῦτο;
899 1626 961 1693 οὐκ
989 1623 1081 1692 οἶδεν
1103 1629 1173 1692 τίε

124 1733 216 1799 ἐστιν
243 1733 340 1818 ὄχλος
368 1728 448 1797 οὐδὲ
475 1734 510 1797 τί
534 1733 635 1817 ὄχλου
663 1733 810 1809 ἔπαινος·
842 1732 925 1798 άλλά
948 1733 1009 1816 τὴν
1031 1737 1136 1818 νητην

123 1835 185 1924 μὲν
203 1839 339 1904 τύπτειν
355 1839 482 1921 ἔμαθεν
499 1835 554 1903 καὶ
572 1838 635 1921 τὴν
652 1837 792 1922 ὑπάτην,
811 1840 946 1915 ἔπαινος
964 1840 984 1903 δ
989 1837 994 1856 ’
1014 1839 1031 1905 ὁ
1048 1839 1137 1923 παρὰ

6 1971 7 1974 ’
123 1955 190 2011 τῶν
208 1949 344 2010 πολλῶν
363 1946 398 2008 τί
414 1942 483 2009 ἐστι
504 1937 560 2008 καί
578 1947 653 2009 τίνα
672 1944 817 2029 δύναμιν
836 1947 902 2030 ἔχει
923 1943 960 2010 ἐν
979 1947 1042 2034 βίῳ
1061 1945 1137 2009 ούτε

82 2075 111 2115 ιτ
124 2047 218 2118 οἶδεν
242 2050 317 2115 οὔτε
343 2048 560 2140 μεμελέτηκεν
584 2051 675 2116 αὐτό.
719 2049 846 2134 ἀνάγκη
865 2053 984 2118 λοιπὸν
1005 2050 1138 2136 τρέμειν
1157 2068 1173 2118 ο

122 2154 178 2222 καί
198 2155 332 2242 ὠχριᾶν.
366 2156 561 2246 κιθαρῳδὸν
580 2153 642 2240 μὲν
660 2150 724 2222 οὖν
743 2156 784 2222 ού
803 2157 949 2242 δύναμαι
967 2159 1073 2223 εἰπεῖν
1092 2159 1137 2242 μὴ

123 2257 222 2345 εἰναι,
247 2262 328 2328 ὅταν
351 2263 412 2328 ἰδω
435 2263 511 2328 τινὰ
533 2263 759 2348 φοβούμενον,
780 2264 862 2328 άλλο
881 2261 922 2328 δέ
936 2287 970 2329 τι
993 2266 1137 2348 δύναμαι

123 2371 231 2435 εἰπεῖν
252 2365 308 2433 καλ
331 2364 412 2434 οὐδὲ
434 2366 483 2453 ἕν,
506 2365 589 2434 ἀλλὰ
612 2368 726 2434 πολλά.
772 2365 827 2434 καί
848 2379 981 2454 πρῶτον
1003 2371 1138 2435 πάντων
1157 2388 1173 2436 ο

124 2474 222 2554 ξένον
250 2473 353 2539 αὐτὸν
380 2479 470 2540 καλῶ
497 2471 553 2540 καί
580 2473 677 2557 λέγω·
707 2469 805 2550 οὗτος
832 2474 851 2540 ὁ
874 2475 1054 2560 ἄνθρωπος
1076 2475 1138 2541 ούκ

82 2606 111 2646 ιο
124 2578 218 2648 οἰδεν
236 2589 302 2647 ποῦ
320 2589 378 2665 τῆς
395 2590 456 2666 γῆς
473 2579 575 2665 ἐστιν,
598 2573 670 2647 ἀλλ’
692 2578 728 2646 ἰκ
746 2581 908 2646 τοσούτου
926 2582 1050 2667 χρόνον
1069 2579 1137 2646 ἐπι-

124 2691 241 2773 δημῶν
263 2685 381 2771 ἀγνοεῖ
400 2690 478 2765 τοὺς
500 2690 625 2772 νόμους
641 2696 700 2772 τῆς
717 2690 843 2764 πόλεως
860 2684 915 2752 καλ
937 2688 978 2752 τά
1001 2689 1064 2770 ἔθη
1082 2685 1137 2753 καί

123 2799 159 2860 τί
179 2792 285 2872 ἔξεστι
307 2792 363 2859 καλ
384 2796 420 2858 τί
439 2793 501 2859 οὐκ
523 2793 656 2872 ἔξεστιν.
703 2790 775 2859 ἀλλ’
800 2788 879 2858 οὐδὲ
901 2796 1041 2878 νομικόν
1063 2817 1138 2859 τινα

124 2899 290 2987 παρέλαβε
313 2901 442 2965 πώποτε
465 2901 525 2965 τὸν
548 2898 688 2986 ἐροῦντα
711 2898 873 2988 αὐτῷκαὶ
896 2898 1138 2986 ἐξηγησάμενον

124 3009 165 3073 τὰ
192 3009 330 3092 νόμιμα·
358 3004 442 3072 ἀλλὰ
470 3007 637 3091 διαθήκην
664 3002 725 3091 μὲν
753 3005 795 3072 ού
821 3007 942 3093 γράφει
969 3007 1013 3091 μὴ
1041 3008 1172 3085 εἰδὼςι

84 3137 110 3176 ετ
124 3125 195 3192 πῶς
218 3114 273 3179 δεῖ
292 3112 434 3199 γράφειν
452 3111 473 3196 ἣ
491 3114 693 3199 παραλαβὼν
711 3115 772 3194 τὸν
789 3114 900 3179 εἰδότα
923 3107 996 3179 οὐδ’
1014 3112 1139 3198 ἐγγύην

125 3223 235 3297 άλλως
267 3222 478 3305 σφραγίζεται
510 3218 531 3303 ἢ
563 3217 747 3304 ἀσφάλειαν
778 3220 906 3305 γράφει.
962 3217 1068 3305 ὀρέξει
1100 3216 1139 3285 δὲ

125 3337 243 3413 χρῆται
276 3327 352 3410 δίχα
379 3335 520 3409 νομικοῦ
547 3324 601 3391 καλ
629 3324 772 3391 έκκλίσει
800 3323 855 3390 καὶ
882 3326 967 3411 ὁρμῇ
991 3323 1047 3390 καὶ
1070 3324 1138 3391 ἐπι-

199 3561 215 3610 6
233 3511 426 3626 κνδαρίἷέι*8.·
445 3570 514 3611 corr.
534 3554 563 3614 Β,
581 3554 633 3622 (ναί
650 3570 685 3608 m.
697 3521 759 3634 μδ.)
