2636 3930
175 194 241 260 228
320 195 503 248 ΑΡΡΙΑΝΟΤ
521 194 596 247 ΤΩΝ
614 195 832 248 ΕΠΙΚΤΗΤΟΤ
850 193 1046 247 ΔΙΑΤΡΙΒΩΝ

172 359 276 443 τρίων
299 356 455 438 δικαστὴς
478 355 525 420 ὢν
543 352 598 420 καὶ
619 354 805 439 δυνάμενος
823 353 1015 440 λαμβάνειν.
1052 352 1124 421 ἀλλ’
1148 357 1189 421 ἀν

174 480 227 529 σοι
251 461 343 548 δόξῃ,
367 459 473 526 έκεῖνο
495 463 601 544 μόνον
620 462 848 546 σκεπτώμεθα,
871 462 928 527 ἵνα
945 459 1190 548 κεκρυμμένως,

122 585 155 634 12
174 566 217 634 ἵν’
250 567 422 653 ἀσφαλῶς,
451 568 507 632 ἵνα
533 568 578 651 μή
606 590 655 643 τις
682 575 760 655 γνῷ.
810 569 847 633 τὸ
876 568 939 653 γάρ
966 568 1085 646 κλέψαι
1113 565 1185 634 οὐδ’

175 676 273 752 αὐτὸς
300 674 364 759 <ὁ>
381 670 578 758 Ἐπίκουρος
605 671 782 758 ἀποφαίνει
810 676 929 757 κακόν,
958 672 1043 739 ἀλλὰ
1070 677 1108 740 τὸ
1136 673 1191 758 έμ-

10 857 11 864 ¹
174 793 302 848 πεσεῖν·
335 779 390 847 καὶ
417 781 467 846 ὅτι
500 784 636 846 πίστιν
664 778 754 866 περὶ
781 789 851 846 τοῦ
878 786 1021 856 λαθεῖν
1053 784 1191 865 λαβεῖν
1220 802 1237 844 σ

123 905 155 954 13
175 888 391 972 ἀδύνατον,
419 888 475 953 διὰ
498 896 595 953 τοῦτο
619 887 715 970 λέγειΙ
730 885 787 970 μὴ
809 884 982 952 κλέπτετε’.
1028 883 1098 951 ἀλλ’
1127 885 1192 970 ἐγώ

175 1013 228 1062 σοι
251 994 337 1079 λέγω
361 995 412 1060 ὅτι
436 994 495 1060 ἐὰν
513 1003 648 1079 κομψῶς
669 991 726 1058 καὶ
743 991 1027 1080 περιεσταλμένως
1049 994 1193 1077 γίνηται,

176 1105 356 1187 λησόμεθα.
402 1097 472 1167 εἶτα
495 1098 549 1166 καὶ
569 1104 688 1185 φίλους
708 1098 745 1166 έν
764 1107 804 1186 τῇ
822 1097 929 1186 Ῥώμῃ
949 1102 1067 1184 ἔχομεν
1090 1101 1193 1164 δονα-

175 1211 254 1285 τοὺς
275 1206 332 1273 καὶ
355 1210 455 1293 φίλοις
477 1204 533 1272 καὶ
556 1206 591 1271 ολ
604 1204 761 1289 Ἕλληνες
781 1205 936 1291 ἀδρανεῖς
958 1208 1058 1272 εἰσιν·
1081 1202 1194 1282 οὐδεὶς

125 1330 158 1378 14
175 1315 331 1398 τολμήσει
356 1312 520 1399 ἀναβῆναι
543 1313 664 1378 τοῦτον
688 1311 793 1390 ἕνεκα.
838 1314 874 1376 τί
894 1309 997 1400 ἀπέχῃ
1017 1321 1079 1378 τοῦ
1102 1313 1193 1377 ἰδίου
1208 1337 1238 1376 ιο

177 1419 323 1504 ἀγαθοῦ;
349 1420 458 1506 ἀφρον
482 1417 551 1485 ἐστὶ
573 1429 684 1503 τοῦτο,
709 1419 845 1502 ἠλίθιόν
869 1417 968 1485 ἐστιν.
1014 1415 1086 1484 ἀλλ’
1115 1414 1188 1484 οὐδ’

8 1593 9 1598 ,
125 1543 157 1592 15
177 1525 220 1590 ἀν
243 1524 341 1612 λέγῃς
362 1550 419 1610 μοι
442 1524 494 1591 ὅτι
517 1522 632 1610 ἀπέχῃ,
661 1526 826 1590 πιστεύσω
851 1541 912 1590 σοι.
959 1525 1003 1601 ὡς
1025 1525 1089 1609 γὰρ
1112 1522 1193 1588 ἀδύ-

177 1634 279 1698 νατόν
307 1630 376 1697 ἐστι
404 1639 448 1720 τςῦ
476 1632 596 1710 ψευδεῖ
622 1629 814 1720 φαινομένῳ
842 1629 1115 1715 σνγκατοιθέσθαι
1138 1628 1193 1695 καὶ

177 1736 240 1802 ἀπὸ
264 1748 325 1805 τοῦ
347 1737 498 1822 ἀληθοῦς
517 1737 711 1820 ἀπονεῦσαι,
734 1737 839 1814 οὕτως
857 1735 1026 1802 ἀδύνατόν
1045 1735 1114 1802 ἐστι
1132 1747 1193 1803 τοῦ

177 1841 383 1930 φαινομένου
406 1842 539 1927 ἀγαθοῦ
562 1841 753 1926 ἀποστῆναι.
798 1843 817 1908 ὁ
840 1847 983 1919 πλοῦτος
1006 1840 1037 1908 δ’
1061 1841 1194 1926 ἀγαθὸν
1208 1866 1239 1907 15

6 1979 7 1984 ¹
126 1969 158 2019 16
177 1948 232 2016 καὶ
261 1947 408 2015 οίονανεὶ
436 1951 472 2015 τὸ
500 1950 760 2033 ποιητικώτατον
786 1972 824 2032 γε
853 1958 920 2015 τῶν
947 1949 1090 2033 ἡδονῶν.
1137 1951 1194 2015 διὰ

178 2055 273 2138 τίμὴ
292 2057 491 2141 περιποιήσῃ
511 2054 626 2140 αιἰτόνς
646 2055 702 2119 διὰ
721 2059 755 2121 τί
771 2052 809 2121 δὲ
826 2057 870 2140 μὴ
889 2057 950 2140 τὴν
966 2065 1027 2123 τοῦ
1044 2059 1195 2140 γείτονος

177 2172 319 2246 γυναῖκα
349 2164 616 2248 διαφθείρωμεν,
643 2161 686 2228 ἀν
715 2163 896 2246 δυνώμεθα
923 2166 1057 2247 λωθεῖν,
1085 2161 1127 2228 ἀν
1156 2160 1195 2229 δὲ

126 2288 159 2337 17
179 2271 311 2353 φλυαρῇ
345 2268 362 2335 ὁ
395 2266 496 2355 ἀνήρ,
528 2266 584 2333 καὶ
613 2268 717 2334 αὐτὸν
747 2271 1132 2354 προσεκτρνιχηλίσωμενς
1164 2272 1197 2334 εί

177 2373 289 2452 θέλεις
311 2369 397 2441 εἶναι
420 2378 605 2461 φιλόσοφος
624 2366 694 2452 οἷος
713 2376 775 2459 δεῖ,
798 2381 833 2441 εί
851 2398 889 2458 γε
910 2373 1045 2459 τέλειος,
1068 2377 1099 2440 εί
1116 2374 1194 2441 ἀκο-
1208 2399 1238 2439 εο

178 2486 315 2547 λουθιῦν
339 2497 401 2548 σου
424 2492 493 2558 τοῖς
516 2482 694 2566 δόγμασιν·
726 2482 757 2546 εί
780 2477 818 2546 δὲ
840 2483 901 2564 μή,
929 2477 1031 2547 οὐδὲν
1055 2483 1195 2559 διοίσεις

178 2587 272 2671 ἡμῶν
299 2600 365 2654 τῶν
393 2586 582 2673 λεγομένων
605 2593 779 2654 Στωικῶν
811 2585 867 2652 καὶ
895 2585 991 2654 αὐτοὶ
1016 2589 1080 2674 γὰρ
1110 2590 1195 2654 ἀλλα

126 2711 160 2761 18
179 2691 335 2777 λέγομεν,
364 2696 448 2759 ἀλλα
476 2691 514 2759 δὲ
540 2704 711 2780 ποιοῦμεν.
752 2693 846 2778 ἡμεῖς
869 2692 1009 2778 λέγομεν
1031 2695 1071 2760 τὰ
1097 2695 1195 2778 καλοί,

178 2808 340 2883 ποιοῦμεν
363 2801 403 2864 τδι
425 2801 556 2887 αἰσχροί·
581 2802 623 2866 σὺ
646 2802 708 2885 τὴν
727 2799 881 2866 ἐναντίοιν
905 2802 1111 2886 διαστροφὴν
1135 2803 1194 2888 ἔσῃ

179 2905 438 2991 διεστραμμένος
460 2907 665 2990 δογματίζων
687 2909 727 2972 τὰ
749 2907 884 2993 οιίσχρά,
907 2917 1014 2973 ποιῶν
1036 2907 1077 2971 τά
1099 2907 1192 2973 καλά.
1207 2928 1234 2969 τι

179 3047 394 3056 ..ιι--

253 3136 286 3185 ιε
297 3148 357 3200 sqq.
377 3132 412 3188 cf.
432 3107 542 3201 Epicur.
562 3134 609 3188 οι.
629 3133 662 3190 fr.
682 3138 734 3190 ιω
757 3137 831 3204 (τοι,
847 3137 882 3204 ο).
1012 3109 1015 3116 ’

180 3260 394 3270 --—

251 3345 372 3407 ίιιῦτδς
389 3345 448 3418 <ὁ>
473 3346 535 3415 Ημί.
553 3363 567 3401 e
585 3347 660 3414 οοά.,·
682 3346 751 3400 αῦτὸ
771 3345 785 3400 ὁ
804 3363 831 3414 ι,
853 3349 943 3403 nescio
962 3364 1001 3402 ον
1018 3353 1088 3404 recte
1127 3350 1137 3417 λ
1178 3355 1194 3402 9

206 3414 278 3476 ιλίνις
296 3415 330 3470 S:
352 3432 422 3472 σοιν.
446 3416 527 3482 Wolf
561 3418 570 3483 ΙΙ
612 3422 645 3470 16
669 3413 795 3471 οἵονοινελ
816 3419 928 3487 scn'poi:
952 3415 1013 3472 οἷον
1036 3416 1073 3471 ἀν
1095 3410 1127 3486 ἧι
1144 3419 1196 3487 (vel

181 3433 237 3554 διε)
255 3486 287 3539 ι’νι
304 3486 404 3540 ultima
422 3487 532 3556 μορίοιν
554 3487 618 3541 aad.
638 3486 710 3542 Sm.
725 3505 770 3558 pr.
802 3489 812 3557 Π
844 3493 878 3542 25
896 3485 998 3558 αίσχρά
1016 3495 1042 3545 et
1059 3488 1132 3542 καλοί
1149 3491 1196 3544 ι’κ-

181 3571 258 3612 verso
276 3556 373 3613 ordine
389 3557 471 3613 habet
489 3556 521 3612 S.-
540 3571 609 3612 ιοιν.
629 3557 729 3629 δολιςῖι
