2608 3928
185 192 251 256 392
335 193 518 274 ΑΡΡΙΔΙἾΟΤ
535 192 610 245 ΤΩΝ
627 193 845 245 ΕΠΙΚΤΗΤΟΤ
862 191 1056 245 ΔΙΑΤΡΙΒΩΝ

185 355 386 438 φιλοσοφίας
415 352 595 437 ἀποσοβεῖν
623 357 702 431 τοὺς
731 353 892 437 πολλούς,
922 349 994 418 ἀλλ’
1020 353 1132 438 ὥσπερ
1165 355 1205 418 τὰ

186 461 270 525 άλλα
297 459 449 544 εὐθνμον
472 459 527 526 καί
555 458 719 546 ἀτάραχον
744 458 965 526 ἐπιδεικνύειν
987 459 1091 524 αὑτὸν
1115 459 1206 524 οὕτω

133 581 167 631 23
185 563 240 630 καὶ
263 563 327 631 άπὸ
350 575 410 632 τοῦ
434 567 592 650 σώματος.
637 565 747 651 είδετε,
770 561 796 631 ὦ
819 567 1006 652 ἄνθρωποι,
1029 565 1080 630 ὅτι
1101 561 1205 631 οὐδὲν

186 673 261 757 ἔχω,
285 671 423 749 οὐδενὸς
445 670 575 755 δέομαι·
600 673 696 756 ἴδετε,
719 682 788 749 πῶς
809 673 923 749 άοιιιος
946 673 993 736 ὣν
1011 669 1066 737 καὶ
1085 673 1206 748 άπολις

185 775 240 844 καί
263 778 385 864 φυγάς,
413 776 455 844 δν
478 777 565 843 οὐτω
592 779 691 864 τάχη,
717 776 773 844 καὶ
801 776 950 856 ἀνέστιος
977 778 1114 844 πάντων
1135 789 1205 844 τῶν
1228 803 1239 842 5

185 883 395 969 εὐπατριδῶν
425 881 480 949 καὶ
515 888 688 950 πλουσίων
727 882 977 970 άταραχάτερον
1009 883 1116 966 διάγω
1149 883 1206 950 καὶ

186 989 415 1077 εὐρούστερον.
460 989 544 1054 ἀλλὰ
562 987 617 1055 καὶ
635 992 673 1056 τὸ
697 990 865 1074 σωμάτιον
888 989 985 1076 ὁρᾶτε
1009 990 1060 1055 ὅτι
1083 991 1127 1056 οὐ
1148 1015 1206 1055 κα-

134 1109 168 1158 24
186 1107 301 1162 κοῦται
329 1097 394 1162 ὑπὸ
421 1102 479 1179 τῆς
506 1095 671 1182 αὐστηρᾶς
699 1095 847 1178 διαίτης.’
893 1093 936 1160 ὐν
960 1093 1000 1161 δέ
1020 1120 1077 1180 μοι
1100 1105 1205 1162 ταῦτα

187 1200 266 1287 λέγη
289 1224 339 1278 τις
361 1200 546 1285 ἀνθρώπαυ
570 1211 678 1287 σχῆμα
700 1203 880 1268 καταδίκοο
903 1204 989 1288 ἔχων
1016 1201 1072 1267 καὶ
1099 1207 1206 1288 πρόσ-
1286 1273 1287 1306 χ

187 1327 291 1391 ωπον,
309 1309 359 1384 τίς
377 1330 416 1390 με
435 1311 541 1373 πείσει
559 1314 651 1373 θεῶν
676 1313 877 1397 προσελθεῖν
900 1311 1095 1396 φιλοσοφίᾳ,
1118 1309 1140 1392 ἥ
1166 1333 1203 1392 γε
1217 1333 1241 1371 10
1286 1343 1287 1354 ι

186 1413 359 1489 τοιούτους
385 1424 487 1493 ποιεῖς
518 1415 562 1499 μη
589 1412 735 1498 γένοιτο·
763 1412 851 1499 οὐδ’,
879 1415 910 1480 εί
936 1417 1041 1500 σοφὸς
1063 1417 1205 1498 ἔμελλον

188 1513 285 1603 εἶναι,
307 1520 442 1604 ἤθελον.
495 1559 500 1566 =

134 1639 168 1687 25
250 1623 334 1709 Ἐγὼ
367 1621 428 1710 μὲν
459 1629 500 1711 νὴ
533 1629 611 1704 τούς
641 1629 745 1704 θεοὺς
776 1629 836 1693 τὸν
865 1623 944 1693 νέον
973 1628 1033 1693 τὸν
1064 1629 1206 1713 πρώτως

187 1733 386 1817 κινούμενον
408 1729 498 1798 θέλω
522 1737 649 1817 μᾶλλον
668 1732 784 1799 ἐλθεῖν
801 1736 885 1819 πρός
907 1756 947 1818 με
969 1732 1205 1818 πεπλασμένον

187 1840 248 1922 την
271 1841 376 1922 κόμην
401 1838 466 1923 <η>
489 1842 754 1924 πατεφθινηκότα
776 1837 832 1905 καὶ
851 1839 1011 1926 ῥυπαρόν.
1047 1839 1203 1924 βλέπεται
1217 1864 1241 1903 15

186 1943 250 2026 γάρ
273 1966 322 2019 τις
344 1942 381 2008 έν
404 1942 519 2031 ἐκείνῳ
542 1953 601 2010 τοῦ
624 1951 728 2012 καλοῦ
751 1949 928 2032 φαντασία,
950 1947 1063 2032 ἔφεσις
1086 1943 1125 2012 δὲ
1141 1959 1205 2014 τοῦ

187 2048 398 2131 εὐσχήμονος.
445 2048 529 2114 ὅπου
553 2047 583 2115 δ’
611 2051 691 2118 αὐτὸ
714 2048 802 2119 εἶναι
824 2052 1030 2137 φαντάζεται,
1057 2050 1127 2119 ἐκεῖ
1146 2054 1205 2120 καὶ

135 2169 168 2219 νο
187 2157 383 2238 φιλοτεχνεῖ.
438 2157 555 2220 λοιπὸν
592 2156 764 2236 ὑποδεῖξαι
802 2161 907 2243 μόνον
939 2158 1029 2247 αὐτῷ
1062 2160 1118 2224 δεῖ
1146 2160 1204 2225 καὶ

186 2260 292 2323 είπεῖν
315 2257 491 2345 νεανίσκε,
515 2262 552 2327 τὸ
575 2265 678 2328 καλὸν
703 2266 806 2347 ζητεῖς
828 2262 883 2330 καὶ
906 2259 944 2330 εὐ
967 2272 1081 2343 ποιεῖς.
1128 2272 1204 2332 ίσθι

186 2359 260 2450 οὖν,
284 2365 334 2431 ὅτι
358 2364 427 2431 ἐκεῖ
446 2368 576 2452 φύεται,
599 2370 684 2435 ὅπου
706 2373 765 2435 τὸν
789 2373 891 2455 λόγον
912 2373 1009 2455 ἔχεις·
1033 2369 1102 2437 ἐκεῖ
1118 2371 1203 2438 αὐτὸ
1217 2395 1241 2434 ιο

187 2474 287 2557 ζήτει,
320 2471 404 2538 ὅπου
436 2473 494 2549 τδις
525 2474 628 2559 ὁρμάς
659 2473 715 2541 καὶ
742 2477 800 2554 τὰς
827 2475 995 2563 ἀφορμάς,
1027 2478 1112 2544 ὅπου
1143 2480 1204 2556 τὰς

133 2594 167 2644 27
187 2577 326 2664 ὀρέξεις,
359 2580 417 2656 τάς
448 2577 617 2658 ἐκκλίσεις.
668 2592 767 2648 τοῦτο
796 2583 860 2670 γάρ
891 2586 975 2669 ἔχεις
1004 2582 1041 2648 έν
1073 2595 1204 2672 σεαυτῷ

187 2683 365 2770 ἐξαίρετον,
382 2686 420 2750 τὸ
440 2686 607 2771 σωμάτιον
629 2683 666 2752 δὲ
684 2689 784 2774 φύσει
801 2691 905 2773 πηλός
924 2688 1001 2755 ἐστι.
1037 2694 1073 2755 τί
1087 2703 1205 2770 πονεῖς

186 2794 257 2877 είκῇ
276 2789 351 2876 περὶ
370 2791 466 2870 αὐτός
490 2794 521 2857 εί
540 2790 645 2878 μηδὲν
664 2793 789 2880 ἕτερον,
811 2804 857 2883 τῷ
876 2798 986 2886 χρόνφ
1005 2797 1130 2882 γνώσῃ,
1150 2796 1203 2863 ὅτι

134 2912 168 2961 28
188 2896 288 2962 οὐδέν
312 2895 422 2962 ἐστιν’
460 2896 502 2964 δν
521 2897 562 2964 δέ
577 2923 633 2984 μοι
653 2903 736 2986 ἔλθη
754 2891 1016 2987 πεκοπρωμένος,
1041 2901 1203 2988 ῥυπαρός,
1216 2924 1239 2963 ιι

187 3004 336 3086 μύστακα
355 3004 439 3086 έχων
458 3003 553 3090 μέχρι
571 3017 638 3072 τῶν
656 3006 817 3092 γονάτων,
840 3011 875 3073 τί
890 3007 978 3095 αὐτῷ
1000 3009 1106 3075 είπεῖν
1126 3012 1203 3094 ἔχω,

258 3235 276 3282 4
294 3229 329 3285 cf.
348 3246 421 3298 quae
441 3231 505 3285 adn.
525 3232 562 3286 οδ
580 3233 627 3302 ΠΙ,
642 3240 685 3303 22,
699 3241 743 3289 47.

260 3402 381 3457 θαύτδν
401 3402 434 3457 S:
452 3421 553 3461 eorm
588 3410 597 3476 ΙΙ
634 3408 807 3478 ’ίσωμάτιον
830 3409 920 3477 Wolf:
939 3408 1091 3479 ἱμάτιονδ
1122 3415 1132 3482 ΙΙ
1167 3418 1202 3467 10

188 3469 207 3538 ἥ
225 3472 324 3555 γεμισί
338 3469 389 3533 ἕως
402 3476 442 3540 γε)
459 3474 486 3528 0.
502 3475 627 3532 Schenkl:
646 3477 714 3533 ὥστε
729 3478 763 3544 8,·
780 3477 841 3547 ἥτις
858 3480 931 3549 Upt„
949 3478 1010 3548 ἥτε
1025 3481 1181 3539 Salmasius
1195 3485 1204 3554 [l

191 3545 222 3594 15
237 3540 299 3613 <η>
312 3547 375 3598 ante
388 3541 440 3610 τὴν
454 3545 505 3598 im.
521 3545 569 3613 S„
587 3562 634 3615 τρο
647 3548 702 3604 λινε
719 3549 852 3605 transtuli
872 3553 882 3620 Ι
907 3556 940 3606 17
954 3551 1040 3606 αὐτὸν
1055 3551 1088 3607 S:
1102 3569 1175 3610 τοτα.
1190 3571 1205 3610 s
