<?xml version="1.0" encoding="UTF-8"?>
<!DOCTYPE html PUBLIC "-//W3C//DTD XHTML 1.0 Transitional//EN"
    "http://www.w3.org/TR/xhtml1/DTD/xhtml1-transitional.dtd">
<html xmlns="http://www.w3.org/1999/xhtml" xml:lang="en" lang="en">
 <head>
  <title>
</title>
<meta http-equiv="Content-Type" content="text/html;charset=utf-8" />
  <meta name='ocr-system' content='tesseract 3.04.00' />
  <meta name='ocr-capabilities' content='ocr_page ocr_carea ocr_par ocr_line ocrx_word'/>
</head>
<body>
  <div class='ocr_page' id='page_1' title='image "./dissertationesa00epicgoog/dissertationesa00epicgoog_0414.png"; bbox 0 0 2626 3924; ppageno 0'>
   <div class='ocr_carea' id='block_1_1' title="bbox 113 187 1129 256">
    <p class='ocr_par' dir='ltr' id='par_1_1' title="bbox 113 187 1129 256">
     <span class='ocr_line' id='line_1_1' title="bbox 113 187 1129 256; baseline 0.007 -20"><span class='ocrx_word' id='word_1_1' title='bbox 113 199 164 256; x_wconf 88' lang='lat' dir='ltr'>(lv,</span> <span class='ocrx_word' id='word_1_2' title='bbox 180 204 198 254; x_wconf 82' lang='lat'><strong><em>1,</em></strong></span> <span class='ocrx_word' id='word_1_3' title='bbox 213 197 303 250; x_wconf 76' lang='lat'><strong>26-40)</strong></span> <span class='ocrx_word' id='word_1_4' title='bbox 409 188 563 241; x_wconf 81' lang='grc' dir='ltr'><strong>ΒΙΒΔΙΟΝ</strong></span> <span class='ocrx_word' id='word_1_5' title='bbox 581 189 778 242; x_wconf 80' lang='grc' dir='ltr'>ΤΕΤΑΡΓΟΝ.</span> <span class='ocrx_word' id='word_1_6' title='bbox 798 187 838 242; x_wconf 88' lang='grc' dir='ltr'><strong><em>α’.</em></strong></span> <span class='ocrx_word' id='word_1_7' title='bbox 1064 187 1129 252; x_wconf 86' lang='grc'><strong><em>319</em></strong></span> 
     </span>
    </p>
   </div>
   <div class='ocr_carea' id='block_1_2' title="bbox 67 347 1183 3196">
    <p class='ocr_par' dir='ltr' id='par_1_2' title="bbox 67 347 1183 3196">
     <span class='ocr_line' id='line_1_2' title="bbox 114 347 1130 435; baseline 0 -21"><span class='ocrx_word' id='word_1_8' title='bbox 114 353 207 435; x_wconf 74' lang='grc' dir='ltr'><strong><em>ζητῇς</em></strong></span> <span class='ocrx_word' id='word_1_9' title='bbox 239 349 259 434; x_wconf 76' lang='grc' dir='ltr'><em>ἢ</em></span> <span class='ocrx_word' id='word_1_10' title='bbox 290 349 375 414; x_wconf 84' lang='grc' dir='ltr'><strong><em>ὅπου</em></strong></span> <span class='ocrx_word' id='word_1_11' title='bbox 402 348 486 433; x_wconf 81' lang='grc' dir='ltr'><strong><em>ἐστί,</em></strong></span> <span class='ocrx_word' id='word_1_12' title='bbox 515 351 550 414; x_wconf 94' lang='grc' dir='ltr'><strong><em>τί</em></strong></span> <span class='ocrx_word' id='word_1_13' title='bbox 576 351 773 434; x_wconf 78' lang='grc' dir='ltr'><strong><em>θαυμαστὸν</em></strong></span> <span class='ocrx_word' id='word_1_14' title='bbox 803 351 835 414; x_wconf 87' lang='grc' dir='ltr'><strong><em>εί</em></strong></span> <span class='ocrx_word' id='word_1_15' title='bbox 862 347 1021 416; x_wconf 82' lang='grc' dir='ltr'><strong><em>οὐδέποτε</em></strong></span> <span class='ocrx_word' id='word_1_16' title='bbox 1049 351 1130 415; x_wconf 86' lang='grc' dir='ltr'><strong><em>αὐτὸ</em></strong></span> 
     </span>
     <span class='ocr_line' id='line_1_3' title="bbox 112 455 290 542; baseline -0.006 -21"><span class='ocrx_word' id='word_1_17' title='bbox 112 455 290 542; x_wconf 83' lang='grc' dir='ltr'><strong><em>εὑρίσκεις;</em></strong></span> 
     </span>
     <span class='ocr_line' id='line_1_4' title="bbox 174 560 1180 647; baseline -0.001 -20"><span class='ocrx_word' id='word_1_18' title='bbox 174 560 210 627; x_wconf 87' lang='grc' dir='ltr'><strong><em>Ὁ</em></strong></span> <span class='ocrx_word' id='word_1_19' title='bbox 233 563 354 640; x_wconf 88' lang='grc' dir='ltr'><strong><em>δοῦλος</em></strong></span> <span class='ocrx_word' id='word_1_20' title='bbox 376 562 481 640; x_wconf 76' lang='grc' dir='ltr'><strong><em>εὐθὺς</em></strong></span> <span class='ocrx_word' id='word_1_21' title='bbox 503 563 632 647; x_wconf 77' lang='grc' dir='ltr'><strong><em>εὔχεται</em></strong></span> <span class='ocrx_word' id='word_1_22' title='bbox 656 561 825 646; x_wconf 80' lang='grc' dir='ltr'><strong><em>ἀφεθῆναι</em></strong></span> <span class='ocrx_word' id='word_1_23' title='bbox 849 561 1035 647; x_wconf 81' lang='grc' dir='ltr'><strong><em>ἐλεύθερος.</em></strong></span> <span class='ocrx_word' id='word_1_24' title='bbox 1072 563 1128 627; x_wconf 89' lang='grc' dir='ltr'><strong><em>διδι</em></strong></span> <span class='ocrx_word' id='word_1_25' title='bbox 1146 578 1180 626; x_wconf 87' lang='grc'><strong><em>33</em></strong></span> 
     </span>
     <span class='ocr_line' id='line_1_5' title="bbox 110 667 1128 754; baseline 0 -22"><span class='ocrx_word' id='word_1_26' title='bbox 110 672 157 747; x_wconf 88' lang='grc' dir='ltr'><strong><em>τί;</em></strong></span> <span class='ocrx_word' id='word_1_27' title='bbox 186 669 325 753; x_wconf 76' lang='grc' dir='ltr'><strong><em>δοκεῖτε,</em></strong></span> <span class='ocrx_word' id='word_1_28' title='bbox 348 669 398 734; x_wconf 84' lang='grc' dir='ltr'><strong><em>ὅτι</em></strong></span> <span class='ocrx_word' id='word_1_29' title='bbox 420 680 491 745; x_wconf 80' lang='grc' dir='ltr'><strong><em>τοῖς</em></strong></span> <span class='ocrx_word' id='word_1_30' title='bbox 512 668 724 746; x_wconf 84' lang='grc' dir='ltr'><strong><em>είκοστάναις</em></strong></span> <span class='ocrx_word' id='word_1_31' title='bbox 747 667 907 754; x_wconf 75' lang='grc' dir='ltr'><strong><em>ἐπιθυμεῖ</em></strong></span> <span class='ocrx_word' id='word_1_32' title='bbox 928 671 1047 734; x_wconf 87' lang='grc' dir='ltr'><strong><em>δοῦναι</em></strong></span> <span class='ocrx_word' id='word_1_33' title='bbox 1070 667 1128 754; x_wconf 87' lang='grc' dir='ltr'><strong><em>άρ-</em></strong></span> 
     </span>
     <span class='ocr_line' id='line_1_6' title="bbox 81 771 1128 862; baseline 0 -24"><span class='ocrx_word' id='word_1_34' title='bbox 81 775 248 860; x_wconf 81' lang='grc' dir='ltr'><strong><em>εγύριον;</em></strong></span> <span class='ocrx_word' id='word_1_35' title='bbox 272 776 325 841; x_wconf 81' lang='grc' dir='ltr'><strong><em>οὔ·</em></strong></span> <span class='ocrx_word' id='word_1_36' title='bbox 351 771 426 840; x_wconf 86' lang='grc' dir='ltr'><strong><em>ἀλλ’</em></strong></span> <span class='ocrx_word' id='word_1_37' title='bbox 454 775 504 840; x_wconf 84' lang='grc' dir='ltr'><strong><em>ότι</em></strong></span> <span class='ocrx_word' id='word_1_38' title='bbox 527 775 724 859; x_wconf 82' lang='grc' dir='ltr'><strong><em>φαντάζεται</em></strong></span> <span class='ocrx_word' id='word_1_39' title='bbox 747 772 842 862; x_wconf 82' lang='grc' dir='ltr'><strong><em>μέχρι</em></strong></span> <span class='ocrx_word' id='word_1_40' title='bbox 861 783 925 841; x_wconf 87' lang='grc' dir='ltr'><strong><em>νῦν</em></strong></span> <span class='ocrx_word' id='word_1_41' title='bbox 944 775 1000 839; x_wconf 84' lang='grc' dir='ltr'><strong><em>διὰ</em></strong></span> <span class='ocrx_word' id='word_1_42' title='bbox 1023 776 1060 838; x_wconf 90' lang='grc' dir='ltr'><strong><em>τὸ</em></strong></span> <span class='ocrx_word' id='word_1_43' title='bbox 1084 775 1128 858; x_wconf 81' lang='grc' dir='ltr'><strong><em>μὴ</em></strong></span> 
     </span>
     <span class='ocr_line' id='line_1_7' title="bbox 111 877 1183 967; baseline -0.003 -21"><span class='ocrx_word' id='word_1_44' title='bbox 111 879 324 967; x_wconf 79' lang='grc' dir='ltr'><em>τετυχηκέναι</em></span> <span class='ocrx_word' id='word_1_45' title='bbox 350 882 471 947; x_wconf 89' lang='grc' dir='ltr'><strong><em>τούτου</em></strong></span> <span class='ocrx_word' id='word_1_46' title='bbox 505 879 740 965; x_wconf 81' lang='grc' dir='ltr'><strong><em>ἐμποδίζεσθαι</em></strong></span> <span class='ocrx_word' id='word_1_47' title='bbox 771 878 828 946; x_wconf 83' lang='grc' dir='ltr'><strong><em>καὶ</em></strong></span> <span class='ocrx_word' id='word_1_48' title='bbox 858 881 1023 966; x_wconf 82' lang='grc' dir='ltr'><strong><em>δνσροείν.</em></strong></span> <span class='ocrx_word' id='word_1_49' title='bbox 1074 877 1128 944; x_wconf 50' lang='grc' dir='ltr'><strong><em>(δν</em></strong></span> <span class='ocrx_word' id='word_1_50' title='bbox 1147 896 1183 944; x_wconf 80' lang='grc'><strong><em>34</em></strong></span> 
     </span>
     <span class='ocr_line' id='line_1_8' title="bbox 114 983 1130 1075; baseline -0.001 -24"><span class='ocrx_word' id='word_1_51' title='bbox 114 986 258 1072; x_wconf 68' lang='grc' dir='ltr'><strong><em>άφεδίά,</em></strong></span> <span class='ocrx_word' id='word_1_52' title='bbox 281 992 396 1073; x_wconf 87' lang='grc' dir='ltr'><strong><em>φησίν,</em></strong></span> <span class='ocrx_word' id='word_1_53' title='bbox 420 987 536 1064; x_wconf 58' lang='grc' dir='ltr'><strong><em>εεὐθὺς</em></strong></span> <span class='ocrx_word' id='word_1_54' title='bbox 559 996 647 1053; x_wconf 85' lang='grc' dir='ltr'><strong><em>πᾶσα</em></strong></span> <span class='ocrx_word' id='word_1_55' title='bbox 670 988 796 1075; x_wconf 78' lang='grc' dir='ltr'><strong><em>εὔροια,</em></strong></span> <span class='ocrx_word' id='word_1_56' title='bbox 822 985 961 1062; x_wconf 87' lang='grc' dir='ltr'><strong><em>οὐδενὸς</em></strong></span> <span class='ocrx_word' id='word_1_57' title='bbox 984 983 1130 1070; x_wconf 78' lang='grc' dir='ltr'><strong><em>ἐπιστρέ-</em></strong></span> 
     </span>
     <span class='ocr_line' id='line_1_9' title="bbox 111 1092 1129 1180; baseline -0.005 -19"><span class='ocrx_word' id='word_1_58' title='bbox 111 1119 231 1180; x_wconf 89' lang='grc' dir='ltr'><strong><em>φομαι,</em></strong></span> <span class='ocrx_word' id='word_1_59' title='bbox 248 1103 351 1160; x_wconf 84' lang='grc' dir='ltr'><strong><em>πᾶσιν</em></strong></span> <span class='ocrx_word' id='word_1_60' title='bbox 369 1095 414 1172; x_wconf 82' lang='grc' dir='ltr'><strong><em>ὡς</em></strong></span> <span class='ocrx_word' id='word_1_61' title='bbox 433 1101 503 1171; x_wconf 78' lang='grc' dir='ltr'><strong><em>ἴσος</em></strong></span> <span class='ocrx_word' id='word_1_62' title='bbox 521 1092 576 1160; x_wconf 84' lang='grc' dir='ltr'><strong><em>καὶ</em></strong></span> <span class='ocrx_word' id='word_1_63' title='bbox 595 1095 709 1178; x_wconf 85' lang='grc' dir='ltr'><strong><em>ὅμοιος</em></strong></span> <span class='ocrx_word' id='word_1_64' title='bbox 722 1098 824 1180; x_wconf 82' lang='grc' dir='ltr'><strong><em>λαλῶ,</em></strong></span> <span class='ocrx_word' id='word_1_65' title='bbox 842 1094 1025 1177; x_wconf 80' lang='grc' dir='ltr'><strong><em>πορεύομαι</em></strong></span> <span class='ocrx_word' id='word_1_66' title='bbox 1045 1092 1129 1157; x_wconf 85' lang='grc' dir='ltr'><strong><em>ὅπου</em></strong></span> 
     </span>
     <span class='ocr_line' id='line_1_10' title="bbox 111 1193 1181 1287; baseline -0.003 -22"><span class='ocrx_word' id='word_1_67' title='bbox 111 1198 219 1283; x_wconf 78' lang='grc' dir='ltr'><strong><em>θέλω,</em></strong></span> <span class='ocrx_word' id='word_1_68' title='bbox 246 1202 382 1287; x_wconf 79' lang='grc' dir='ltr'><strong><em>ἔρχομαι</em></strong></span> <span class='ocrx_word' id='word_1_69' title='bbox 410 1199 493 1266; x_wconf 81' lang='grc' dir='ltr'><strong><em>ὅθεν</em></strong></span> <span class='ocrx_word' id='word_1_70' title='bbox 516 1199 606 1266; x_wconf 80' lang='grc' dir='ltr'><strong><em>θέλω</em></strong></span> <span class='ocrx_word' id='word_1_71' title='bbox 629 1199 684 1266; x_wconf 85' lang='grc' dir='ltr'><strong><em>καὶ</em></strong></span> <span class='ocrx_word' id='word_1_72' title='bbox 708 1201 793 1266; x_wconf 83' lang='grc' dir='ltr'><strong><em>ὅπου</em></strong></span> <span class='ocrx_word' id='word_1_73' title='bbox 816 1199 929 1266; x_wconf 79' lang='grc' dir='ltr'><strong><em>δέλω’.</em></strong></span> <span class='ocrx_word' id='word_1_74' title='bbox 975 1193 1044 1264; x_wconf 79' lang='grc' dir='ltr'><strong><em>εἶτα</em></strong></span> <span class='ocrx_word' id='word_1_75' title='bbox 1067 1196 1127 1263; x_wconf 86' lang='grc' dir='ltr'><strong><em>άπ-</em></strong></span> <span class='ocrx_word' id='word_1_76' title='bbox 1146 1213 1181 1262; x_wconf 82' lang='grc'><strong><em>35</em></strong></span> 
     </span>
     <span class='ocr_line' id='line_1_11' title="bbox 70 1303 1132 1392; baseline 0.003 -26"><span class='ocrx_word' id='word_1_77' title='bbox 70 1326 99 1367; x_wconf 84' lang='grc' dir='ltr'><strong><em>ιο</em></strong></span> <span class='ocrx_word' id='word_1_78' title='bbox 115 1305 344 1391; x_wconf 80' lang='grc' dir='ltr'><strong><em>ηλευθίρωται</em></strong></span> <span class='ocrx_word' id='word_1_79' title='bbox 361 1306 417 1372; x_wconf 78' lang='grc' dir='ltr'><strong><em>καί</em></strong></span> <span class='ocrx_word' id='word_1_80' title='bbox 436 1307 540 1384; x_wconf 79' lang='grc' dir='ltr'><strong><em>εὐθὺς</em></strong></span> <span class='ocrx_word' id='word_1_81' title='bbox 562 1303 623 1391; x_wconf 72' lang='grc' dir='ltr'><strong><em>μὲν</em></strong></span> <span class='ocrx_word' id='word_1_82' title='bbox 642 1306 703 1372; x_wconf 87' lang='grc' dir='ltr'><strong><em>οὐκ</em></strong></span> <span class='ocrx_word' id='word_1_83' title='bbox 727 1309 822 1392; x_wconf 74' lang='grc' dir='ltr'><strong><em>ἔχων,</em></strong></span> <span class='ocrx_word' id='word_1_84' title='bbox 844 1316 906 1372; x_wconf 78' lang='grc' dir='ltr'><strong><em>ποί</em></strong></span> <span class='ocrx_word' id='word_1_85' title='bbox 921 1306 1022 1392; x_wconf 87' lang='grc' dir='ltr'><strong><em>φάγη,</em></strong></span> <span class='ocrx_word' id='word_1_86' title='bbox 1045 1308 1132 1389; x_wconf 81' lang='grc' dir='ltr'><strong><em>ζητεῖ</em></strong></span> 
     </span>
     <span class='ocr_line' id='line_1_12' title="bbox 111 1407 1129 1501; baseline -0.003 -23"><span class='ocrx_word' id='word_1_87' title='bbox 111 1416 188 1478; x_wconf 91' lang='grc' dir='ltr'><strong><em>τίνα</em></strong></span> <span class='ocrx_word' id='word_1_88' title='bbox 210 1415 407 1499; x_wconf 89' lang='grc' dir='ltr'><strong><em>κολακεύση,</em></strong></span> <span class='ocrx_word' id='word_1_89' title='bbox 428 1414 517 1501; x_wconf 87' lang='grc' dir='ltr'><strong><em>παρά</em></strong></span> <span class='ocrx_word' id='word_1_90' title='bbox 540 1417 607 1479; x_wconf 90' lang='grc' dir='ltr'><strong><em>τίνι</em></strong></span> <span class='ocrx_word' id='word_1_91' title='bbox 632 1414 806 1498; x_wconf 82' lang='grc' dir='ltr'><strong><em>δειπνήση·</em></strong></span> <span class='ocrx_word' id='word_1_92' title='bbox 832 1407 901 1477; x_wconf 78' lang='grc' dir='ltr'><strong><em>εἶτα</em></strong></span> <span class='ocrx_word' id='word_1_93' title='bbox 920 1411 941 1494; x_wconf 75' lang='grc' dir='ltr'><strong>ἦ</strong></span> <span class='ocrx_word' id='word_1_94' title='bbox 962 1410 1129 1498; x_wconf 79' lang='grc' dir='ltr'><strong><em>ἐργάζεται</em></strong></span> 
     </span>
     <span class='ocr_line' id='line_1_13' title="bbox 112 1516 1129 1608; baseline -0.003 -24"><span class='ocrx_word' id='word_1_95' title='bbox 112 1527 158 1608; x_wconf 75' lang='grc' dir='ltr'><strong><em>τῷ</em></strong></span> <span class='ocrx_word' id='word_1_96' title='bbox 196 1521 321 1604; x_wconf 86' lang='grc' dir='ltr'><strong><em>σώματι</em></strong></span> <span class='ocrx_word' id='word_1_97' title='bbox 352 1518 407 1585; x_wconf 84' lang='grc' dir='ltr'><strong><em>καὶ</em></strong></span> <span class='ocrx_word' id='word_1_98' title='bbox 438 1519 557 1605; x_wconf 79' lang='grc' dir='ltr'><strong><em>πάσχει</em></strong></span> <span class='ocrx_word' id='word_1_99' title='bbox 588 1519 628 1584; x_wconf 85' lang='grc' dir='ltr'><strong><em>τά</em></strong></span> <span class='ocrx_word' id='word_1_100' title='bbox 661 1521 833 1584; x_wconf 79' lang='grc' dir='ltr'><strong><em>δεινότατα</em></strong></span> <span class='ocrx_word' id='word_1_101' title='bbox 864 1516 927 1583; x_wconf 84' lang='grc' dir='ltr'><strong><em>κάν</em></strong></span> <span class='ocrx_word' id='word_1_102' title='bbox 960 1525 1021 1602; x_wconf 75' lang='grc' dir='ltr'><strong><em>σχῇ</em></strong></span> <span class='ocrx_word' id='word_1_103' title='bbox 1055 1540 1129 1582; x_wconf 90' lang='grc' dir='ltr'><strong><em>τινα</em></strong></span> 
     </span>
     <span class='ocr_line' id='line_1_14' title="bbox 111 1621 1128 1711; baseline -0.003 -21"><span class='ocrx_word' id='word_1_104' title='bbox 111 1625 258 1711; x_wconf 79' lang='grc' dir='ltr'><strong><em>φάτνην,</em></strong></span> <span class='ocrx_word' id='word_1_105' title='bbox 286 1623 494 1710; x_wconf 79' lang='grc' dir='ltr'><strong><em>ἐμπέπτωκεν</em></strong></span> <span class='ocrx_word' id='word_1_106' title='bbox 518 1627 565 1701; x_wconf 91' lang='grc' dir='ltr'><strong><em>είς</em></strong></span> <span class='ocrx_word' id='word_1_107' title='bbox 593 1625 750 1690; x_wconf 74' lang='grc' dir='ltr'><strong><em>δουλείαν</em></strong></span> <span class='ocrx_word' id='word_1_108' title='bbox 778 1626 864 1688; x_wconf 88' lang='grc' dir='ltr'><strong><em>πολὺ</em></strong></span> <span class='ocrx_word' id='word_1_109' title='bbox 887 1631 946 1707; x_wconf 79' lang='grc' dir='ltr'><strong><em>τῆς</em></strong></span> <span class='ocrx_word' id='word_1_110' title='bbox 968 1621 1128 1710; x_wconf 79' lang='grc' dir='ltr'><strong><em>προτέρας</em></strong></span> 
     </span>
     <span class='ocr_line' id='line_1_15' title="bbox 111 1727 1180 1818; baseline -0.004 -22"><span class='ocrx_word' id='word_1_111' title='bbox 111 1729 343 1816; x_wconf 79' lang='grc' dir='ltr'><strong><em>χαλεπωτέραν</em></strong></span> <span class='ocrx_word' id='word_1_112' title='bbox 365 1731 386 1814; x_wconf 71' lang='grc' dir='ltr'><strong><em>ἣ</em></strong></span> <span class='ocrx_word' id='word_1_113' title='bbox 413 1729 469 1796; x_wconf 83' lang='grc' dir='ltr'><strong><em>καὶ</em></strong></span> <span class='ocrx_word' id='word_1_114' title='bbox 495 1730 682 1818; x_wconf 79' lang='grc' dir='ltr'><strong><em>εὐπορήσας</em></strong></span> <span class='ocrx_word' id='word_1_115' title='bbox 711 1731 891 1817; x_wconf 77' lang='grc' dir='ltr'><strong><em>ἅνθρωπος</em></strong></span> <span class='ocrx_word' id='word_1_116' title='bbox 912 1727 1129 1814; x_wconf 78' lang='grc' dir='ltr'><strong><em>ἀπειρόκαλος</em></strong></span> <span class='ocrx_word' id='word_1_117' title='bbox 1147 1744 1180 1792; x_wconf 87' lang='grc'><strong><em>36</em></strong></span> 
     </span>
     <span class='ocr_line' id='line_1_16' title="bbox 67 1833 1128 1926; baseline -0.001 -27"><span class='ocrx_word' id='word_1_118' title='bbox 67 1858 96 1898; x_wconf 89' lang='lat'><strong><em>15</em></strong></span> <span class='ocrx_word' id='word_1_119' title='bbox 111 1841 273 1922; x_wconf 82' lang='grc' dir='ltr'><strong><em>πεφίληκε</em></strong></span> <span class='ocrx_word' id='word_1_120' title='bbox 300 1838 535 1924; x_wconf 75' lang='grc' dir='ltr'><strong><em>παιδισκάριον</em></strong></span> <span class='ocrx_word' id='word_1_121' title='bbox 564 1836 619 1904; x_wconf 81' lang='grc' dir='ltr'><strong><em>καὶ</em></strong></span> <span class='ocrx_word' id='word_1_122' title='bbox 643 1838 817 1926; x_wconf 84' lang='grc' dir='ltr'><strong><em>δυστυχῶν</em></strong></span> <span class='ocrx_word' id='word_1_123' title='bbox 840 1834 1051 1900; x_wconf 84' lang='grc' dir='ltr'><strong><em>άνακλαίεται</em></strong></span> <span class='ocrx_word' id='word_1_124' title='bbox 1073 1833 1128 1899; x_wconf 78' lang='grc' dir='ltr'><strong><em>καί</em></strong></span> 
     </span>
     <span class='ocr_line' id='line_1_17' title="bbox 112 1935 1180 2031; baseline -0.003 -23"><span class='ocrx_word' id='word_1_125' title='bbox 112 1945 175 2027; x_wconf 81' lang='grc' dir='ltr'><strong><em>τὴν</em></strong></span> <span class='ocrx_word' id='word_1_126' title='bbox 207 1946 363 2011; x_wconf 84' lang='grc' dir='ltr'><strong><em>δουλείαν</em></strong></span> <span class='ocrx_word' id='word_1_127' title='bbox 389 1951 499 2010; x_wconf 77' lang='grc' dir='ltr'><strong><em>ποθεῖ.</em></strong></span> <span class='ocrx_word' id='word_1_128' title='bbox 551 1945 598 2008; x_wconf 52' lang='grc' dir='ltr'><strong><em>(τί</em></strong></span> <span class='ocrx_word' id='word_1_129' title='bbox 627 1943 689 2031; x_wconf 90' lang='grc' dir='ltr'><strong><em>γάρ</em></strong></span> <span class='ocrx_word' id='word_1_130' title='bbox 722 1967 779 2028; x_wconf 92' lang='grc' dir='ltr'><strong><em>μοι</em></strong></span> <span class='ocrx_word' id='word_1_131' title='bbox 806 1943 909 2008; x_wconf 89' lang='grc' dir='ltr'><strong><em>κακδν</em></strong></span> <span class='ocrx_word' id='word_1_132' title='bbox 940 1935 996 2025; x_wconf 80' lang='grc' dir='ltr'><strong><em>ἦν;</em></strong></span> <span class='ocrx_word' id='word_1_133' title='bbox 1029 1941 1128 2018; x_wconf 86' lang='grc' dir='ltr'><strong><em>άλλος</em></strong></span> <span class='ocrx_word' id='word_1_134' title='bbox 1146 1956 1180 2005; x_wconf 75' lang='grc'><strong><em>37</em></strong></span> 
     </span>
     <span class='ocr_line' id='line_1_18' title="bbox 112 2048 1126 2135; baseline -0.003 -20"><span class='ocrx_word' id='word_1_135' title='bbox 112 2048 145 2135; x_wconf 89' lang='grc' dir='ltr'><strong><em>μ’</em></strong></span> <span class='ocrx_word' id='word_1_136' title='bbox 179 2049 331 2134; x_wconf 79' lang='grc' dir='ltr'><strong><em>ἐνέδυεν,</em></strong></span> <span class='ocrx_word' id='word_1_137' title='bbox 357 2052 457 2128; x_wconf 87' lang='grc' dir='ltr'><strong><em>άλλός</em></strong></span> <span class='ocrx_word' id='word_1_138' title='bbox 484 2048 518 2135; x_wconf 89' lang='grc' dir='ltr'><strong><em>μ’</em></strong></span> <span class='ocrx_word' id='word_1_139' title='bbox 550 2049 681 2133; x_wconf 83' lang='grc' dir='ltr'><strong><em>ὑπίδει,</em></strong></span> <span class='ocrx_word' id='word_1_140' title='bbox 713 2051 813 2126; x_wconf 79' lang='grc' dir='ltr'><strong><em>ἄλλος</em></strong></span> <span class='ocrx_word' id='word_1_141' title='bbox 843 2050 996 2135; x_wconf 72' lang='grc' dir='ltr'><strong><em>ἔτρεφεν,</em></strong></span> <span class='ocrx_word' id='word_1_142' title='bbox 1027 2048 1126 2122; x_wconf 75' lang='grc' dir='ltr'><strong><em>ἄλλος</em></strong></span> 
     </span>
     <span class='ocr_line' id='line_1_19' title="bbox 112 2144 1128 2243; baseline -0.005 -21"><span class='ocrx_word' id='word_1_143' title='bbox 112 2156 316 2242; x_wconf 80' lang='grc' dir='ltr'><strong><em>ἐνοσοκόμει,</em></strong></span> <span class='ocrx_word' id='word_1_144' title='bbox 340 2158 436 2240; x_wconf 80' lang='grc' dir='ltr'><strong><em>ὀλίγα</em></strong></span> <span class='ocrx_word' id='word_1_145' title='bbox 459 2157 549 2243; x_wconf 74' lang='grc' dir='ltr'><strong><em>αὐτῷ</em></strong></span> <span class='ocrx_word' id='word_1_146' title='bbox 568 2154 767 2242; x_wconf 82' lang='grc' dir='ltr'><strong><em>ὑπηρέτουν.</em></strong></span> <span class='ocrx_word' id='word_1_147' title='bbox 812 2164 877 2221; x_wconf 88' lang='grc' dir='ltr'><strong><em>νῦν</em></strong></span> <span class='ocrx_word' id='word_1_148' title='bbox 897 2151 934 2219; x_wconf 76' lang='grc' dir='ltr'><strong><em>δὲ</em></strong></span> <span class='ocrx_word' id='word_1_149' title='bbox 956 2153 1056 2230; x_wconf 87' lang='grc' dir='ltr'><strong><em>τάλας</em></strong></span> <span class='ocrx_word' id='word_1_150' title='bbox 1074 2144 1128 2219; x_wconf 85' lang='grc' dir='ltr'><strong><em>οἷα</em></strong></span> 
     </span>
     <span class='ocr_line' id='line_1_20' title="bbox 111 2257 1179 2349; baseline -0.004 -21"><span class='ocrx_word' id='word_1_151' title='bbox 111 2263 227 2349; x_wconf 89' lang='grc' dir='ltr'><strong><em>πάσχω</em></strong></span> <span class='ocrx_word' id='word_1_152' title='bbox 250 2267 379 2330; x_wconf 92' lang='grc' dir='ltr'><strong><em>πλείοσι</em></strong></span> <span class='ocrx_word' id='word_1_153' title='bbox 404 2263 574 2329; x_wconf 88' lang='grc' dir='ltr'><strong><em>δουλεύων</em></strong></span> <span class='ocrx_word' id='word_1_154' title='bbox 598 2259 676 2326; x_wconf 79' lang='grc' dir='ltr'><strong><em>ἀνθ’</em></strong></span> <span class='ocrx_word' id='word_1_155' title='bbox 705 2259 794 2339; x_wconf 80' lang='grc' dir='ltr'><strong><em>ἕνός;</em></strong></span> <span class='ocrx_word' id='word_1_156' title='bbox 819 2260 908 2346; x_wconf 85' lang='grc' dir='ltr'><strong><em>ὅμως</em></strong></span> <span class='ocrx_word' id='word_1_157' title='bbox 931 2257 961 2324; x_wconf 91' lang='grc' dir='ltr'><strong><em>δ’</em></strong></span> <span class='ocrx_word' id='word_1_158' title='bbox 986 2257 1046 2325; x_wconf 81' lang='grc' dir='ltr'><strong><em>ἐὰν</em></strong></span> <span class='ocrx_word' id='word_1_159' title='bbox 1069 2259 1127 2322; x_wconf 86' lang='grc' dir='ltr'><strong><em>δα·</em></strong></span> <span class='ocrx_word' id='word_1_160' title='bbox 1145 2276 1179 2324; x_wconf 83' lang='grc'><strong><em>38</em></strong></span> 
     </span>
     <span class='ocr_line' id='line_1_21' title="bbox 68 2361 1128 2454; baseline 0 -26"><span class='ocrx_word' id='word_1_161' title='bbox 68 2367 289 2451; x_wconf 76' lang='grc' dir='ltr'><strong><em>εοκτυλίους’,</em></strong></span> <span class='ocrx_word' id='word_1_162' title='bbox 313 2372 407 2454; x_wconf 90' lang='grc' dir='ltr'><strong><em>φησί,</em></strong></span> <span class='ocrx_word' id='word_1_163' title='bbox 429 2366 544 2451; x_wconf 70' lang='grc' dir='ltr'><strong><em>&lt;λάβω,</em></strong></span> <span class='ocrx_word' id='word_1_164' title='bbox 566 2369 638 2431; x_wconf 89' lang='grc' dir='ltr'><strong><em>τότε</em></strong></span> <span class='ocrx_word' id='word_1_165' title='bbox 661 2364 692 2449; x_wconf 89' lang='grc' dir='ltr'><strong><em>γ’</em></strong></span> <span class='ocrx_word' id='word_1_166' title='bbox 721 2366 926 2450; x_wconf 87' lang='grc' dir='ltr'><strong><em>εὐρούστατα</em></strong></span> <span class='ocrx_word' id='word_1_167' title='bbox 950 2362 1051 2442; x_wconf 82' lang='grc' dir='ltr'><strong><em>διάξω</em></strong></span> <span class='ocrx_word' id='word_1_168' title='bbox 1072 2361 1128 2428; x_wconf 83' lang='grc' dir='ltr'><strong><em>καὶ</em></strong></span> 
     </span>
     <span class='ocr_line' id='line_1_22' title="bbox 112 2463 1128 2560; baseline -0.008 -20"><span class='ocrx_word' id='word_1_169' title='bbox 112 2473 414 2560; x_wconf 67' lang='grc' dir='ltr'><strong><em>εὐδαιμονέστατά.</em></strong></span> <span class='ocrx_word' id='word_1_170' title='bbox 463 2484 595 2560; x_wconf 83' lang='grc' dir='ltr'><strong><em>πρῶτον</em></strong></span> <span class='ocrx_word' id='word_1_171' title='bbox 623 2469 684 2558; x_wconf 70' lang='grc' dir='ltr'><strong><em>μὲν</em></strong></span> <span class='ocrx_word' id='word_1_172' title='bbox 714 2474 770 2537; x_wconf 78' lang='grc' dir='ltr'><strong><em>ἵνα</em></strong></span> <span class='ocrx_word' id='word_1_173' title='bbox 798 2472 898 2558; x_wconf 85' lang='grc' dir='ltr'><strong><em>λάβη,</em></strong></span> <span class='ocrx_word' id='word_1_174' title='bbox 929 2470 1048 2554; x_wconf 85' lang='grc' dir='ltr'><strong><em>πάσχει</em></strong></span> <span class='ocrx_word' id='word_1_175' title='bbox 1080 2463 1128 2533; x_wconf 82' lang='grc' dir='ltr'><strong><em>ὧν</em></strong></span> 
     </span>
     <span class='ocr_line' id='line_1_23' title="bbox 113 2569 1179 2664; baseline -0.005 -18"><span class='ocrx_word' id='word_1_176' title='bbox 113 2579 205 2648; x_wconf 80' lang='grc' dir='ltr'><strong><em>ἐστιν</em></strong></span> <span class='ocrx_word' id='word_1_177' title='bbox 236 2581 339 2660; x_wconf 84' lang='grc' dir='ltr'><strong><em>άξιος·</em></strong></span> <span class='ocrx_word' id='word_1_178' title='bbox 377 2575 446 2648; x_wconf 80' lang='grc' dir='ltr'><strong><em>εἶτα</em></strong></span> <span class='ocrx_word' id='word_1_179' title='bbox 483 2581 596 2664; x_wconf 82' lang='grc' dir='ltr'><strong><em>λαβὼν</em></strong></span> <span class='ocrx_word' id='word_1_180' title='bbox 628 2579 729 2644; x_wconf 89' lang='grc' dir='ltr'><strong><em>πάλιν</em></strong></span> <span class='ocrx_word' id='word_1_181' title='bbox 755 2577 865 2643; x_wconf 85' lang='grc' dir='ltr'><strong><em>ταύτά.</em></strong></span> <span class='ocrx_word' id='word_1_182' title='bbox 920 2569 991 2640; x_wconf 78' lang='grc' dir='ltr'><strong><em>εἶτά</em></strong></span> <span class='ocrx_word' id='word_1_183' title='bbox 1023 2590 1126 2659; x_wconf 90' lang='grc' dir='ltr'><strong><em>φησιν</em></strong></span> <span class='ocrx_word' id='word_1_184' title='bbox 1145 2593 1179 2641; x_wconf 86' lang='grc'><strong><em>39</em></strong></span> 
     </span>
     <span class='ocr_line' id='line_1_24' title="bbox 113 2683 1128 2773; baseline -0.007 -21"><span class='ocrx_word' id='word_1_185' title='bbox 113 2686 168 2752; x_wconf 68' lang='lat' dir='ltr'><strong><em>‘sz</em></strong></span> <span class='ocrx_word' id='word_1_186' title='bbox 191 2683 253 2771; x_wconf 72' lang='grc' dir='ltr'><strong><em>μὲν</em></strong></span> <span class='ocrx_word' id='word_1_187' title='bbox 284 2687 547 2773; x_wconf 90' lang='grc' dir='ltr'><strong><em>στρατεύσωμαι,</em></strong></span> <span class='ocrx_word' id='word_1_188' title='bbox 583 2684 777 2768; x_wconf 78' lang='grc' dir='ltr'><strong><em>ἀπηλλάγην</em></strong></span> <span class='ocrx_word' id='word_1_189' title='bbox 805 2683 942 2748; x_wconf 90' lang='grc' dir='ltr'><strong><em>πάντων</em></strong></span> <span class='ocrx_word' id='word_1_190' title='bbox 973 2691 1040 2747; x_wconf 84' lang='grc' dir='ltr'><strong><em>τῶν</em></strong></span> <span class='ocrx_word' id='word_1_191' title='bbox 1071 2705 1128 2746; x_wconf 93' lang='grc' dir='ltr'><strong><em>κα-</em></strong></span> 
     </span>
     <span class='ocr_line' id='line_1_25' title="bbox 112 2784 1127 2878; baseline -0.005 -19"><span class='ocrx_word' id='word_1_192' title='bbox 112 2791 203 2859; x_wconf 80' lang='grc' dir='ltr'><strong><em>κῶν’.</em></strong></span> <span class='ocrx_word' id='word_1_193' title='bbox 250 2794 473 2878; x_wconf 82' lang='grc' dir='ltr'><strong><em>στρατεύεται,</em></strong></span> <span class='ocrx_word' id='word_1_194' title='bbox 503 2791 620 2877; x_wconf 91' lang='grc' dir='ltr'><strong><em>πάσχει</em></strong></span> <span class='ocrx_word' id='word_1_195' title='bbox 649 2792 710 2856; x_wconf 85' lang='grc' dir='ltr'><strong><em>ὅσα</em></strong></span> <span class='ocrx_word' id='word_1_196' title='bbox 737 2792 910 2875; x_wconf 88' lang='grc' dir='ltr'><strong><em>μαστιγίας</em></strong></span> <span class='ocrx_word' id='word_1_197' title='bbox 941 2785 996 2853; x_wconf 84' lang='grc' dir='ltr'><strong><em>καὶ</em></strong></span> <span class='ocrx_word' id='word_1_198' title='bbox 1026 2784 1127 2854; x_wconf 77' lang='grc' dir='ltr'><strong><em>οὐδὲν</em></strong></span> 
     </span>
     <span class='ocr_line' id='line_1_26' title="bbox 70 2889 1179 2986; baseline -0.004 -22"><span class='ocrx_word' id='word_1_199' title='bbox 70 2915 100 2959; x_wconf 78' lang='lat'><strong><em>25</em></strong></span> <span class='ocrx_word' id='word_1_200' title='bbox 113 2894 213 2984; x_wconf 76' lang='grc' dir='ltr'><strong><em>ἧττον</em></strong></span> <span class='ocrx_word' id='word_1_201' title='bbox 251 2897 409 2986; x_wconf 80' lang='grc' dir='ltr'><strong><em>δευτέραν</em></strong></span> <span class='ocrx_word' id='word_1_202' title='bbox 450 2901 535 2964; x_wconf 78' lang='grc' dir='ltr'><strong><em>αἰτεῖ</em></strong></span> <span class='ocrx_word' id='word_1_203' title='bbox 574 2899 746 2984; x_wconf 90' lang='grc' dir='ltr'><strong><em>στρατείαν</em></strong></span> <span class='ocrx_word' id='word_1_204' title='bbox 780 2894 837 2962; x_wconf 84' lang='grc' dir='ltr'><strong><em>καὶ</em></strong></span> <span class='ocrx_word' id='word_1_205' title='bbox 873 2898 997 2982; x_wconf 88' lang='grc' dir='ltr'><strong><em>τρίτην.</em></strong></span> <span class='ocrx_word' id='word_1_206' title='bbox 1057 2889 1123 2960; x_wconf 75' lang='grc' dir='ltr'><strong><em>εἷθ’</em></strong></span> <span class='ocrx_word' id='word_1_207' title='bbox 1146 2912 1179 2960; x_wconf 81' lang='lat'><strong><em>40</em></strong></span> 
     </span>
     <span class='ocr_line' id='line_1_27' title="bbox 115 3000 1128 3089; baseline -0.006 -18"><span class='ocrx_word' id='word_1_208' title='bbox 115 3005 195 3072; x_wconf 86' lang='grc' dir='ltr'><strong><em>όταν</em></strong></span> <span class='ocrx_word' id='word_1_209' title='bbox 227 3005 330 3071; x_wconf 85' lang='grc' dir='ltr'><strong><em>αὐτὸν</em></strong></span> <span class='ocrx_word' id='word_1_210' title='bbox 361 3007 419 3070; x_wconf 92' lang='grc' dir='ltr'><strong><em>τὸν</em></strong></span> <span class='ocrx_word' id='word_1_211' title='bbox 451 3009 629 3089; x_wconf 82' lang='grc' dir='ltr'><strong><em>κολοφῶνα</em></strong></span> <span class='ocrx_word' id='word_1_212' title='bbox 662 3002 761 3088; x_wconf 74' lang='grc' dir='ltr'><strong><em>ἐπιθῇ</em></strong></span> <span class='ocrx_word' id='word_1_213' title='bbox 792 3000 848 3067; x_wconf 80' lang='grc' dir='ltr'><strong><em>καὶ</em></strong></span> <span class='ocrx_word' id='word_1_214' title='bbox 882 3000 1017 3086; x_wconf 80' lang='grc' dir='ltr'><strong><em>γίνηται</em></strong></span> <span class='ocrx_word' id='word_1_215' title='bbox 1049 3017 1128 3083; x_wconf 90' lang='grc' dir='ltr'><strong><em>συγ-</em></strong></span> 
     </span>
     <span class='ocr_line' id='line_1_28' title="bbox 113 3107 1128 3196; baseline -0.006 -18"><span class='ocrx_word' id='word_1_216' title='bbox 113 3115 277 3196; x_wconf 90' lang='grc' dir='ltr'><strong><em>κλητικός,</em></strong></span> <span class='ocrx_word' id='word_1_217' title='bbox 299 3114 372 3177; x_wconf 85' lang='grc' dir='ltr'><strong><em>τότε</em></strong></span> <span class='ocrx_word' id='word_1_218' title='bbox 395 3114 522 3194; x_wconf 92' lang='grc' dir='ltr'><strong><em>γίνεται</em></strong></span> <span class='ocrx_word' id='word_1_219' title='bbox 546 3111 667 3187; x_wconf 89' lang='grc' dir='ltr'><strong><em>δοῦλος</em></strong></span> <span class='ocrx_word' id='word_1_220' title='bbox 689 3111 736 3186; x_wconf 89' lang='grc' dir='ltr'><strong><em>είς</em></strong></span> <span class='ocrx_word' id='word_1_221' title='bbox 756 3109 921 3191; x_wconf 90' lang='grc' dir='ltr'><strong><em>σύλλογον</em></strong></span> <span class='ocrx_word' id='word_1_222' title='bbox 942 3107 1128 3193; x_wconf 81' lang='grc' dir='ltr'><strong><em>ἐρχόμενος,</em></strong></span> 
     </span>
    </p>
   </div>
   <div class='ocr_carea' id='block_1_3' title="bbox 113 3291 329 3299">
    <p class='ocr_par' dir='ltr' id='par_1_3' title="bbox 113 3291 329 3299">
     <span class='ocr_line' id='line_1_29' title="bbox 113 3291 329 3299; baseline -0.005 0"><span class='ocrx_word' id='word_1_223' title='bbox 113 3291 329 3299; x_wconf 64' lang='lat' dir='ltr'>——a——o</span> 
     </span>
    </p>
   </div>
   <div class='ocr_carea' id='block_1_4' title="bbox 110 3404 1127 3624">
    <p class='ocr_par' dir='ltr' id='par_1_4' title="bbox 110 3404 1127 3624">
     <span class='ocr_line' id='line_1_30' title="bbox 187 3404 1126 3479; baseline -0.003 -15"><span class='ocrx_word' id='word_1_224' title='bbox 187 3409 347 3479; x_wconf 80' lang='grc' dir='ltr'><strong><em>4άργύρον</em></strong></span> <span class='ocrx_word' id='word_1_225' title='bbox 366 3409 399 3465; x_wconf 79' lang='lat' dir='ltr'><strong><em>S:</em></strong></span> <span class='ocrx_word' id='word_1_226' title='bbox 417 3427 485 3465; x_wconf 78' lang='lat' dir='ltr'><strong><em>corr.</em></strong></span> <span class='ocrx_word' id='word_1_227' title='bbox 506 3409 538 3470; x_wconf 70' lang='grc' dir='ltr'><strong><em>δι</em></strong></span> <span class='ocrx_word' id='word_1_228' title='bbox 567 3411 576 3476; x_wconf 75' lang='grc' dir='ltr'><strong><em>ΙΙ</em></strong></span> <span class='ocrx_word' id='word_1_229' title='bbox 609 3413 643 3462; x_wconf 91' lang='grc'><strong><em>10</em></strong></span> <span class='ocrx_word' id='word_1_230' title='bbox 662 3406 713 3477; x_wconf 72' lang='grc' dir='ltr'><strong><em>μὲν</em></strong></span> <span class='ocrx_word' id='word_1_231' title='bbox 732 3407 778 3468; x_wconf 48' lang='lat' dir='ltr'><strong><em>Sc:</em></strong></span> <span class='ocrx_word' id='word_1_232' title='bbox 801 3405 860 3476; x_wconf 71' lang='grc' dir='ltr'><strong><em>μδ</em></strong></span> <span class='ocrx_word' id='word_1_233' title='bbox 892 3409 902 3476; x_wconf 87' lang='grc' dir='ltr'><strong><em>ΙΙ</em></strong></span> <span class='ocrx_word' id='word_1_234' title='bbox 933 3407 964 3460; x_wconf 89' lang='grc' dir='ltr'><strong><em>τί</em></strong></span> <span class='ocrx_word' id='word_1_235' title='bbox 979 3404 1057 3478; x_wconf 90' lang='grc' dir='ltr'><strong><em>φάγη</em></strong></span> <span class='ocrx_word' id='word_1_236' title='bbox 1078 3405 1126 3462; x_wconf 87' lang='lat' dir='ltr'><strong><em>Oo-</em></strong></span> 
     </span>
     <span class='ocr_line' id='line_1_31' title="bbox 110 3473 1127 3624; baseline -0.005 -88"><span class='ocrx_word' id='word_1_237' title='bbox 110 3481 280 3624; x_wconf 48' lang='lat' dir='ltr'><strong><em>Winurgsl</em></strong></span> <span class='ocrx_word' id='word_1_238' title='bbox 301 3480 464 3620; x_wconf 55' lang='grc' dir='ltr'><strong><em>χοχςριχιεύσει</em></strong></span> <span class='ocrx_word' id='word_1_239' title='bbox 483 3486 508 3536; x_wconf 81' lang='lat' dir='ltr'><strong><em>et</em></strong></span> <span class='ocrx_word' id='word_1_240' title='bbox 526 3477 671 3547; x_wconf 80' lang='grc' dir='ltr'><strong><em>δειπνήσει</em></strong></span> <span class='ocrx_word' id='word_1_241' title='bbox 690 3478 719 3540; x_wconf 54' lang='lat'><strong><em>80</em></strong></span> <span class='ocrx_word' id='word_1_242' title='bbox 757 3480 766 3547; x_wconf 91' lang='grc' dir='ltr'><strong><em>ΙΙ</em></strong></span> <span class='ocrx_word' id='word_1_243' title='bbox 806 3484 839 3533; x_wconf 85' lang='grc'><strong><em>18</em></strong></span> <span class='ocrx_word' id='word_1_244' title='bbox 859 3473 1040 3547; x_wconf 63' lang='grc' dir='ltr'><strong><em>ἔνοισοκόμει</em></strong></span> <span class='ocrx_word' id='word_1_245' title='bbox 1058 3476 1081 3532; x_wconf 75' lang='lat' dir='ltr'><em>S</em></span> <span class='ocrx_word' id='word_1_246' title='bbox 1102 3479 1127 3545; x_wconf 90' lang='grc' dir='ltr'><strong><em>(ο</em></strong></span> 
     </span>
    </p>
   </div>
   <div class='ocr_carea' id='block_1_5' title="bbox 0 0 1318 3924">
    <p class='ocr_par' dir='ltr' id='par_1_5' title="bbox 0 0 1318 3924">
     <span class='ocr_line' id='line_1_32' title="bbox 0 0 1318 3924; baseline 0 3"><span class='ocrx_word' id='word_1_247' title='bbox 0 0 1318 3924; x_wconf 95' lang='lat' dir='ltr'><strong><em> </em></strong></span> 
     </span>
    </p>
   </div>
  </div>
 </body>
</html>
