2636 3922
189 137 232 200 80
334 138 517 190 APPIANOT
535 138 610 190 ΤΩΝ
627 139 846 192 ΕΙΠΚΤΗΤΟΤ
864 139 1058 193 ΔΙΑΤΡΙΒΩΝ

187 307 247 363 τοῦ
274 299 373 364 τύπτε
401 297 419 364 δ
451 299 624 383 φυλάσσει.
673 298 729 364 καί
756 302 798 365 σὺ
830 302 1005 384 γίγνωσκε,
1037 300 1130 366 ὅτιδ
1159 299 1204 366 δν

187 403 370 489 φυλάσσειν
389 402 517 490 έθέλης,
540 402 610 471 κατ’
634 404 741 472 έκεῖνο
760 404 953 492 έπιβησεταί
967 423 1022 475 σοι
1040 408 1059 473 δ
1078 407 1204 491 κύριος.

133 509 315 575 τετούτων
337 510 544 596 μεμνημένος
566 515 641 577 τίνα
664 514 711 577 έτι
733 514 945 589 κολακεύσας
966 513 987 596 ἦ
1010 515 1157 600 φοβήση;

134 629 168 678 26
252 615 348 682 Ἀλλδι
361 616 452 682 θέλω
466 624 641 702 καθῆσθαι
658 617 744 684 ὅπου
763 619 798 683 οί
815 622 1036 703 συμιλητικοί.
1051 617 1204 706 -Ὁρᾷς

187 722 238 788 ὄτι
261 725 304 788 σὺ
327 732 436 811 σαυτῷ
465 727 687 808 στενοχωρίαν
715 721 882 809 παρέχεις,
910 727 952 790 σὺ
981 727 1104 790 σαυτὸν
1126 729 1203 790 θλί-
1233 747 1250 789 ε

135 843 168 891 27
187 832 266 913 βεις.
287 867 324 876 -
341 835 422 907 Πῶς
445 825 507 898 οὖν
530 832 639 907 άλλως
661 833 824 916 θεωρήσα
847 836 955 907 καλῶς
972 830 1010 896 έν
1032 839 1078 919 τῷ
1101 831 1203 916 ἀμφι-

186 935 331 1024 θεάτρφ;
349 935 588 1023 -”Ανθριοπε,
606 936 662 1002 καὶ
680 938 724 1022 μὴ
743 939 867 1023 θεώρει
883 935 939 1003 καλ
954 939 995 1004 οὐ
1008 938 1052 1023 μὴ
1071 941 1202 1023 θλιβης.

186 1046 221 1106 τί
240 1043 416 1127 πράγματα
439 1045 537 1128 ἕχεις;
560 1042 581 1128 ἢ
604 1045 725 1128 μικρὸν
747 1044 876 1122 έκδεξαι
893 1041 950 1110 καὶ
968 1044 1127 1130 ἀχθείσης
1144 1053 1204 1129 τῆς

186 1151 331 1233 θεαρίας
353 1150 496 1214 κάθισον
515 1151 563 1226 είς
580 1151 659 1227 τοὺς
676 1160 743 1216 τῶν
762 1155 988 1234 συγκλητικῶν
1006 1154 1128 1227 τόπους
1145 1148 1202 1216 καὶ

132 1265 167 1314 28
186 1254 330 1337 ἡλιάξου.
375 1257 525 1321 καθόλου
555 1255 618 1341 γάρ
642 1255 771 1322 ἐκείνου
798 1255 957 1342 μέμνησο,
985 1257 1036 1323 ὅτι
1064 1254 1202 1333 ἑαυτοὺς
1217 1280 1248 1320 ιο

185 1363 361 1445 θλίβομεν,
385 1357 522 1437 ἑαυτοὺς
544 1372 826 1447 στενοχωροῦμεν,
853 1361 941 1450 τοῦτ’
969 1365 1039 1429 ἔστι
1061 1363 1100 1427 τά
1123 1364 1201 1446 δόγ-
1257 1367 1261 1374 ’

134 1477 167 1526 29
187 1489 272 1550 ματα
294 1466 380 1552 ἡμᾶς
402 1469 514 1550 θλίβει
531 1464 587 1532 καὶ
606 1479 811 1553 στενοχωρεῖ.
859 1466 929 1534 ἐπεὶ
951 1471 986 1534 τί
1006 1467 1097 1534 έστιν
1119 1468 1201 1535 αὐτὸ

185 1575 223 1638 τὸ
257 1574 500 1660 λοιδορεῖσθαι;
537 1573 705 1658 παραστάς
742 1577 844 1639 λίθον
882 1574 1041 1655 λοιδόρει·
1079 1571 1134 1640 καὶ
1169 1579 1205 1638 τί

185 1681 348 1762 ποιήσειςς
376 1679 419 1745 διν
447 1673 509 1744 οὖν
536 1701 585 1754 τις
613 1677 657 1753 ὠς
680 1682 777 1753 λίθος
799 1676 921 1762 ἀκούη,
948 1679 983 1742 τί
1008 1677 1128 1760 ὄφελος
1154 1685 1201 1764 τῷ

186 1787 412 1871 λοιδοροῦντι,
439 1784 482 1850 δν
510 1782 541 1849 δ’
568 1786 625 1869 ἔχη
652 1783 713 1865 τὴν
740 1780 920 1848 ἀσθένειαν
943 1792 1003 1847 τοῦ
1024 1782 1201 1864 λοιδορου-
1216 1806 1247 1848 ιε

132 1903 167 1951 30
186 1890 289 1974 μένου
317 1892 335 1956 ὁ
363 1892 528 1975 λοιδορῶν
559 1889 761 1974 ἐπιβάθραν,
789 1891 862 1955 τότε
889 1887 985 1954 ἀνύει
1012 1911 1051 1953 τι.
1098 1887 1201 1973 επερί-

186 2013 304 2081 σχισον
322 1997 444 2062 αὐτόν]
481 1999 516 2061 τί
532 1993 637 2078 λέγεις
655 1996 771 2073 αι’πόνς
792 1997 829 2061 τὸ
850 1994 980 2080 ίμάτιον
999 1994 1091 2078 λάβε,
1108 1996 1201 2078 περί-

187 2117 312 2186 σχισον.
366 2101 480 2186 ξὕβριν
513 2118 567 2167 σοι
599 2100 785 2185 πεποίηκα.’
836 2105 944 2177 καλῶς
974 2116 1028 2166 σοι
1060 2096 1200 2181 γένοιτο.

133 2221 167 2269 31
187 2216 290 2273 ταῦτα
309 2205 443 2292 ἐμελέτα
456 2206 647 2292 Σωκράτης,
668 2207 724 2272 διδι
742 2217 840 2273 τοῦτο
859 2207 897 2271 ἓν
916 2208 1001 2291 ἔχων
1018 2208 1200 2290 πρόσωπον

187 2311 239 2380 ἀεὶ
262 2312 408 2380 διετέλει.
453 2313 547 2398 ἡμεῖς
574 2308 611 2378 δέ
638 2312 784 2397 θέλομεν
806 2313 913 2378 πάντα
936 2316 1063 2396 μᾶλλον
1086 2310 1200 2376 ἀσκεῖν
1214 2336 1249 2377 εο

186 2418 242 2486 καὶ
278 2427 417 2506 μελετᾶν
453 2419 473 2503 ἢ
511 2419 599 2495 ὅπως
637 2417 898 2503 ἀπαραπόδιστοι
934 2415 989 2483 καὶ
1026 2416 1201 2502 ἐλεύθεροι

133 2540 168 2589 82
187 2526 342 2612 ἐσόμεθα.
394 2525 574 2609 παράδοξα
603 2523 757 2608 λέγουσιν
786 2526 822 2590 οί
846 2522 1047 2609 φιλόσοφοι.’
1098 2521 1135 2588 έν
1162 2518 1201 2587 δέ
1233 2559 1241 2576 ·

187 2646 259 2710 ταῖς
281 2636 397 2712 ἀλλαις
423 2632 551 2716 τέχναις
574 2632 635 2697 οὐκ
658 2633 727 2696 ἔστι
749 2629 933 2716 παράδοξα;
963 2627 1019 2695 καὶ
1040 2632 1076 2694 τί
1095 2648 1201 2712 παρα-

189 2739 365 2823 δοξότερον
392 2739 482 2804 έστιν
509 2738 529 2822 ἣ
557 2748 685 2802 κεντεῖν
711 2760 803 2814 τινος
829 2739 889 2803 τὸν
916 2736 1112 2820 ὀφθαλμόν,
1143 2735 1203 2801 ἰ’να

189 2844 258 2929 ῖδη;
281 2849 315 2908 εί
333 2867 382 2920 τις
405 2841 527 2930 ἀπείρῳ
550 2853 617 2907 τῶν
641 2844 796 2926 ίατρικῶν
819 2850 917 2908 τοῦτο
940 2837 1049 2925 εἶπεν,
1072 2841 1133 2907 οὐκ
1157 2839 1202 2906 άν
1216 2866 1249 2906 25

134 2964 168 3012 83
187 2947 344 3032 κατεγέλα
371 2958 431 3030 τοῦ
463 2946 631 3030 λέγοντος;
660 2951 696 3012 τί
719 2942 782 3013 οὖν
811 2949 1009 3031 θαυμαστὸν
1030 2949 1063 3011 εί
1083 2943 1139 3012 καὶ
1163 2945 1202 3011 έν

188 3058 370 3142 φιλοσοφίᾳ
392 3055 497 3120 πολλά
519 3065 586 3119 τῶν
610 3053 747 3137 ἀληθῶν
765 3052 935 3138 παράδοξα
957 3055 1110 3137 φαίνεται
1129 3061 1204 3130 τοῖς

189 3160 349 3246 ἀπείροις;

188 3279 399 3286 —q--n—

262 3339 340 3400 llsq.
355 3332 441 3386 Ench.
461 3339 504 3386 16:
519 3340 618 3386 τοῦτον
632 3335 727 3408 θλίβει
740 3364 777 3373 --
787 3365 800 3372 -
814 3333 844 3388 ιδ
860 3332 950 3401 δόγμα
969 3331 1000 3386 τδ
1019 3331 1084 3401 περὶ
1103 3331 1203 3388 αὐτοῦ.

188 3434 401 3444 Ἣ

261 3498 277 3544 2
301 3509 350 3547 σον
370 3493 400 3553 δι
431 3494 441 3560 ΙΙ
474 3497 507 3548 18
526 3494 633 3554 καλλιθς
651 3491 684 3546 S:
703 3507 771 3546 corr.
790 3508 803 3545 s
