2636 3930
189 177 254 241 258
337 177 519 230 APPIANOT
536 176 611 228 ΤΩΝ
630 175 845 228 ΕΠΙΚΤΗΤΟΤ
864 176 1057 228 ΔΙΑΤΡΙΒΩΝ

189 354 250 402 σου
270 334 360 402 ἐστὶν
384 336 613 420 ὠφεληθήναις
636 372 669 382 -
692 337 759 401 Τὸν
777 339 860 402 θεόν
880 351 945 419 σοι,
969 335 1033 402 ἀπὸ
1051 336 1207 401 θανάτου

155 445 253 529 εγάρ
282 442 343 509 οὐκ
371 445 475 519 ἔστινς
509 439 574 507 ἀπὸ
602 443 779 527 πηρώσεως
806 442 869 527 γάρ
898 441 959 507 οὐκ
987 444 1069 520 ἔστις
1103 444 1207 528 μικρά

189 565 242 614 σοι
266 550 360 614 δοκεῖ
376 549 394 615 ὁ
413 549 601 625 Μενοικεὺς
619 547 846 632 ὠφεληθῆναι,
864 545 911 612 ὅτ’
935 546 1141 634 ἀπέθνησκες
1165 587 1204 597 -

193 655 336 721 Τοιαῠτά
363 678 412 732 τις
441 655 543 720 είπὼν
572 653 760 738 ὠφεληθείη
795 653 841 738 [ή]
875 645 930 719 οία
963 654 1086 731 ἐκεῖνος
1119 656 1207 740 ὠφε-

189 763 287 845 λήθη.
315 797 353 808 -
377 759 449 845 Ἔα,
472 762 641 846 ἄνθρωπε,
667 759 728 826 οὐιι
751 758 888 845 ἐτήρησε
911 761 969 825 τὸν
992 763 1207 844 φιλόπατριν,
1233 783 1246 822 5

190 870 249 934 τὸν
272 871 519 952 μεγαλόφρονα,
538 868 601 932 τὸν
623 868 752 947 πιστόν,
776 868 835 931 τὸν
857 876 1028 948 γενναίους
1053 864 1208 949 ἐπιζήσας

157 970 229 1039 οδε
257 974 318 1040 οὐκ
352 972 525 1038 ἀπώλλυεν
557 981 660 1038 ταῦτα
691 973 812 1049 πάντας
846 971 887 1036 οὐ
918 982 1138 1057 περιεποιεῖτο
1166 973 1207 1037 τὰ

192 1079 340 1157 ἐναντίας
361 1082 420 1145 τὸν
439 1080 553 1143 δειλὸν
571 1077 633 1143 οὐκ
651 1076 892 1162 ἀνελάμβανεν,
915 1079 974 1143 τὸν
992 1076 1127 1161 ἀγεννῆ,
1145 1081 1208 1143 τὸν

192 1189 402 1270 μισόπατριν,
425 1185 485 1248 τὸν
502 1185 707 1268 φιλόψυχονς
732 1185 790 1266 άγε
810 1185 904 1250 δοκεῖ
925 1200 979 1250 σοι
1000 1185 1101 1268 μιαρὰ
1120 1183 1208 1269 ὠφε-

158 1296 338 1375 ιληθήναι
366 1288 561 1367 ἀποθανάνς
595 1290 649 1355 οὔ·
682 1287 753 1354 ἀλλ’
780 1290 798 1355 ὁ
826 1299 886 1355 τοῦ
907 1283 1069 1374 Ἀδμήτου
1096 1292 1206 1376 πατήρ
1221 1313 1247 1351 ιο

194 1397 319 1481 μεγάλα
347 1396 505 1480 ὠφελήθη
536 1397 633 1477 ζήσας
665 1396 770 1473 οὕτως
801 1394 948 1479 ἀγεννῶς
978 1393 1033 1461 καί
1065 1394 1207 1475 ἀθλίως;

159 1518 175 1565 8
193 1502 335 1588 ὕστερον
353 1503 417 1587 γάρ
436 1501 498 1566 οὐκ
516 1499 699 1578 ἀπίθανενς
719 1503 893 1567 παύσασθε
907 1504 985 1578 τοὺς
997 1504 1100 1578 θεοὺς
1115 1501 1209 1586 ὑμῖν,

194 1609 251 1684 τάς
267 1608 350 1684 ὕλας
368 1608 606 1691 θαυμάζοντες,
630 1605 799 1672 παύσασθ’
818 1604 956 1683 ἑαυτοὺς
974 1608 1117 1683 δούλους
1135 1627 1209 1673 ποι·
1297 1661 1298 1672 ,

195 1723 310 1791 οῦντες
328 1724 460 1794 πρῶτον
479 1725 546 1778 τῶν
564 1713 778 1798 πραγμάτων,
801 1708 871 1777 εἶτα
893 1709 938 1777 δι’
961 1711 1044 1777 αὐτὰ
1066 1709 1122 1776 καὶ
1141 1724 1209 1777 τῶν

195 1818 386 1904 ἀνθρώπων
404 1830 471 1884 τῶν
489 1828 591 1885 ταῦτα
614 1828 800 1903 περιποιεῖν
818 1816 839 1901 ή
862 1817 1081 1902 ἀφαιρεῖσθαι
1105 1819 1246 1883 &vva-1⁵
1298 1827 1299 1830 ’

196 1924 314 2009 μένων.

161 2049 176 2096 9
253 2028 368 2094 Ἔστιν
392 2022 454 2094 οὖν
477 2027 542 2092 ἀπὸ
564 2029 693 2094 τούτων
716 2029 947 2113 ἀφεληθήναι;
966 2066 1009 2076 -
1026 2025 1103 2094 Ἀπὸ
1126 2030 1209 2094 πάν-

196 2158 272 2200 των.
295 2172 339 2182 -
362 2132 429 2199 Καὶ
453 2132 517 2200 ἀπὸ
539 2142 599 2200 τοῦ
624 2135 873 2219 λοιδοροῦντοςς
897 2173 939 2183 -
967 2139 1009 2199 Τί
1030 2131 1061 2199 δ’
1086 2134 1213 2219 ὠφελεῖ

198 2242 256 2305 τὸν
284 2239 434 2324 ἀθλητήν
463 2241 480 2306 ὁ
511 2242 857 2324 προσγυμναζόμενοςς
889 2241 930 2305 τά
957 2239 1102 2324 μέγιστα.
1155 2239 1210 2305 καί

198 2342 295 2424 οὗτος
322 2346 404 2432 ἐμοῦ
431 2345 685 2432 προγυμναστής
711 2349 850 2429 γίνεται·
877 2347 916 2411 τὸ
944 2344 1117 2412 ἀνεκτικόν
1145 2370 1210 2430 μου
1225 2368 1249 2407 ιο

147 2471 179 2520 ιο
198 2454 366 2538 γυμνάζει,
388 2455 425 2518 τὸ
449 2452 625 2538 ἀόργητον,
647 2452 685 2516 τὸ
703 2459 820 2538 πρᾷον.
858 2452 912 2516 οὔ·
937 2449 1008 2517 ἀλλ’
1032 2447 1129 2537 ὁμὲν
1150 2463 1211 2518 τοῦ

198 2563 363 2645 τραχήλου
382 2559 562 2624 καθάπτων
576 2553 631 2622 καί
649 2556 711 2638 τήν
725 2555 835 2641 ὀσφύν
849 2581 915 2641 μου
933 2556 989 2623 καί
1007 2561 1084 2635 τοὺς
1101 2559 1212 2642 ὤμους

199 2668 399 2751 καταρτίζων
428 2665 550 2749 ἀφελεῖ
580 2686 620 2746 με
652 2660 707 2727 καί
735 2661 753 2727 ὁ
781 2660 935 2746 ἀλείπτης
967 2668 1074 2740 καλῶς
1104 2675 1211 2730 ποιῶν

273 2950 356 3012 1'Isq.
381 2944 414 2998 ef.
438 2942 524 2997 Eneh.
544 2948 590 2997 18:
619 2939 662 2995 ὅτι
689 2941 743 3010 γὰρ
771 2939 808 2994 άν
832 2971 865 2981 -
889 2941 1047 3013 ἀποβαίνῃ,
1073 2937 1118 2996 ἐπ’
1145 2937 1211 3013 ἐμοί

203 3008 277 3068 ἐστιν
296 3014 481 3083 ὠφεληθῆναι
499 3009 551 3067 ἀπ’
572 3013 668 3067 αὐτοῦ.

276 3285 288 3330 1
311 3293 361 3330 σου
380 3276 412 3331 S:
431 3291 499 3330 corr.
523 3276 583 3344 Upt.
616 3279 626 3344 ΙΙ
658 3276 858 3344 2πληράσεως
877 3276 910 3330 S:
928 3293 996 3331 οοττ.
1012 3275 1043 3337 δι
1076 3278 1085 3345 ΙΙ
1121 3283 1213 3332 4τοι-

205 3345 267 3401 αὕτ’
289 3347 326 3399 ἀν
344 3365 385 3407 τις
406 3345 503 3399 Corace
542 3353 551 3412 ΙΙ
593 3343 693 3414 εἰπὼν]
712 3353 801 3398 ποιῶν
824 3345 905 3411 Wolf
935 3346 944 3414 11
980 3343 1100 3412 ἢάιί.ε
1136 3349 1145 3415 ss
1183 3355 1212 3401 12

205 3420 283 3485 ὑμῶν
302 3416 335 3470 S.-
349 3432 417 3471 οοτν.
432 3414 612 3486 Slmftesbury
642 3417 652 3482 ή
686 3420 718 3467 19
736 3413 1016 3484 προεγυμναζάμενος
1034 3417 1067 3470 S.-
1085 3434 1102 3470 ο
1119 3435 1187 3472 era&
1206 3419 1213 3486 λ

206 3525 241 3574 20
260 3518 347 3581 οὕτως
366 3519 399 3575 S:
418 3535 487 3573 corr.
506 3534 519 3573 8
558 3522 568 3586 ή
609 3498 864 3586 προήυμναοτήςδ
