2626 3924
204 196 269 260 372
348 195 532 249 ΑΡΡΙΑΝΟΤ
550 195 625 248 ΤΩΝ
641 195 860 247 ΕΠῙΚΤΗΤΟΤ
877 195 1074 249 ΔΙΑΤΡΙΒΩΝ

147 376 180 425 31
200 357 286 442 λέγω
305 357 407 443 αὐτῷ·
428 359 513 440 ζήτει
532 357 648 422 άλλον·
668 354 732 439 ε’γὼ
750 357 814 440 γάρ
834 353 943 422 οὐκέτι
958 359 1071 435 παίζω.
1102 356 1218 441 “άπαγε

201 463 325 529 αὐτόν’
371 463 548 528 άκολουθῶ
574 461 610 526 έν
632 463 758 548 παιδιᾷ.
797 457 881 527 “άλλ’
904 460 1099 548 ἀφαιρεῖταί
1120 464 1218 529 σουδ

200 570 382 656 τράχηλοςῖ
433 567 563 634 ἐκείνου
591 564 621 633 δ’
654 568 759 634 αὐτοῦ
786 565 838 632 ἀεὶ
867 566 1030 654 ἐπιμένει,
1058 569 1157 653 ὑμῶν
1186 567 1219 634 δὲ

201 685 268 741 τῶν
295 659 520 760 πειθομένους
553 672 637 740 εἀλλ’
664 675 789 760 άταφος
816 674 963 762 ῥιφήσγγ.’
1009 677 1041 740 εί
1063 675 1129 759 ἐγώ
1154 678 1220 760 είμι

201 782 220 847 δ
247 785 379 868 νεκρός,
412 781 608 868 ῥιφήσομαι·
641 783 673 845 εί
704 775 735 845 δ’
765 783 866 858 άλλος
897 779 966 865 είμδ
995 791 1056 848 τοῦ
1084 793 1252 869 νεκροῦ,5

192 891 409 974 ’κομψότερον
433 886 523 972 λέγε,
547 887 591 964 ὡς
614 888 680 972 έχει
702 889 740 954 τὸ
762 897 913 973 πρᾶγμα,
936 886 991 953 καὶ
1015 885 1059 971 μὴ
1084 887 1220 974 έκφόβει

148 1012 183 1060 33
202 1017 251 1079 με.
296 1005 366 1070 τοῖς
392 994 538 1069 παιδίοις
565 1000 667 1057 ταῦτα
694 993 821 1078 φοβερά
850 991 917 1057 ἐστι
947 991 1001 1058 καὶ
1025 1006 1096 1072 τοῖς
1120 993 1221 1080 άνοή-

201 1125 277 1176 τοις.
324 1102 356 1164 εί
383 1097 423 1163 δέ
446 1122 496 1174 τις
519 1100 565 1174 είς
587 1101 776 1183 φιλοσόφου
800 1101 924 1184 σχολὴν
946 1098 1030 1178 άπαξ
1054 1103 1221 1167 εἰσελθὼν

202 1205 264 1270 οὐκ
292 1201 395 1287 οἶδεν,
418 1208 453 1268 τί
473 1203 564 1269 ἐστιν
592 1203 706 1289 αὐτός,
736 1205 827 1282 άξιός
857 1203 926 1270 ε’στι
953 1210 1137 1291 φοβεῖσθαι
1167 1207 1221 1274 καὶ

141 1309 143 1312 ’
201 1311 396 1374 κολακεύειν
415 1309 432 1374 ὃ
452 1309 593 1393 ὕστερον
612 1309 821 1375 ἐκολάκευεν·
845 1312 876 1375 εί
897 1301 993 1395 μήπω
1013 1314 1221 1398 μεμάθηκεν,
1234 1335 1254 1374 ιο

201 1415 254 1480 ὅτι
283 1414 345 1480 οὐκ
368 1417 435 1480 ἔστι
455 1414 535 1502 σάρξ
557 1413 628 1481 οὐδ’
654 1416 734 1481 ὀστᾶ
753 1412 833 1482 οὐδὲ
851 1426 965 1503 νεῦρα,
984 1416 1068 1484 άλλά
1086 1421 1125 1485 τὸ
1144 1421 1222 1486 τού-

200 1542 271 1597 τοις
296 1521 486 1608 χρώμενον,
517 1524 554 1587 τὸ
586 1520 641 1588 καὶ
674 1524 825 1589 διοικοῦν
851 1520 908 1588 καὶ
934 1531 1220 1610 παρακολουθοῦν

201 1638 273 1704 ταῖς
295 1632 500 1712 φαντασίαις.

147 1752 183 1800 33
268 1736 352 1799 Ναί·
386 1733 458 1801 ἀλλ’
488 1736 524 1801 οί
552 1738 647 1819 λόγοι
679 1732 772 1802 οὗτοι
804 1739 1054 1824 καταφρονητάς
1083 1749 1221 1806 ποιοῦσι

202 1850 269 1905 τῶν
295 1842 419 1923 νόμων.
445 1876 483 1885 -
509 1838 576 1905 Καὶ
602 1852 693 1906 ποῖοι
721 1846 849 1926 μᾶλλον
879 1844 973 1926 λόγοι
995 1843 1221 1929 πειθομένους
1234 1866 1253 1904 1⁵

201 1942 382 2030 παρέχουσι
403 1955 474 2021 τοϊς
495 1949 612 2030 νόμοις
634 1950 712 2024 τοὺς
738 1944 944 2033 χρωμένους;
971 1952 1074 2033 νόμος
1097 1948 1128 2015 δ’
1158 1953 1220 2017 οὐκ

148 2069 184 2116 34
203 2052 272 2114 ἔστι
294 2051 334 2113 τά
358 2047 411 2114 ἐπὶ
434 2059 543 2139 μωρῷ.
588 2051 643 2116 καὶ
666 2053 755 2137 ὅμως
777 2053 851 2138 δρα,
872 2065 942 2131 πῶς
959 2053 1013 2120 καὶ
1036 2059 1121 2141 πρὸς
1142 2061 1220 2124 ποό-

202 2178 280 2232 τους
298 2156 342 2232 ὡς
360 2157 415 2220 δεῖ
431 2157 565 2242 ἔχοντας
582 2159 899 2245 παρασκευάζουσιν,
918 2162 953 2227 οἵ
968 2184 1005 2245 γε
1020 2163 1220 2231 διδάσκουσι

203 2262 346 2346 μηδενὸς
373 2262 618 2329 ἀντιποιεῖσθαι
647 2268 730 2351 πρὸς
758 2266 888 2350 αὐτούς,
921 2266 959 2332 έν
986 2259 1036 2345 οἷς
1063 2269 1107 2334 άν
1133 2271 1221 2356 ἡμᾶς

147 2387 183 2436 35
204 2377 335 2453 νικῆσαι
358 2371 535 2436 δύνωνται.
580 2370 656 2458 περὶ
678 2374 716 2438 τὸ
740 2373 906 2456 σωμάτιον
926 2374 1145 2441 διδάσκουσιν
1171 2377 1221 2456 έξ-
1234 2399 1254 2439 εο

204 2480 371 2561 ίστασθαι,
394 2475 469 2561 περὶ
492 2479 552 2561 τὴν
574 2487 691 2562 κτῆσιν
715 2476 918 2562 ἐξίστασθαι,
947 2477 1023 2565 περὶ
1045 2481 1086 2544 τά
1108 2481 1221 2567 τέκνα,

202 2593 330 2668 γονεῖς,
364 2581 425 2665 [δ’]
459 2582 643 2668 ἀδελφούς,
681 2584 816 2649 πάντων
847 2595 1075 2671 παραχωρεῖν,
1110 2588 1221 2654 πάντα

203 2686 351 2773 ἀφιέναι·
370 2692 456 2772 μόνα
474 2690 514 2754 τά
533 2692 681 2774 δόγματα
699 2688 965 2775 ὑπεξαιροῦνται,
983 2690 1004 2756 δ
1022 2691 1077 2757 καὶ
1099 2693 1117 2758 ὁ
1134 2698 1222 2773 Ζεὺς

151 2813 185 2860 33
205 2791 351 2879 ἐξαίρετα
375 2793 513 2862 ἑκάστου
536 2791 623 2861 εἶναι
645 2795 821 2880 ἠθέλησεν.
866 2801 946 2862 ποία
968 2797 1092 2864 ἐνθάδε
1113 2822 1221 2886 παρα-

204 2903 321 2984 νομία,
348 2903 426 2966 ποία
449 2901 635 2987 ἀβελτερίας
667 2903 751 2969 ὅπου
774 2906 931 2989 κρείττων
954 2899 1061 2970 εἶκαὶ
1085 2910 1254 2992 ίσχυρό-εε

204 3028 313 3091 τερος,
342 3005 410 3070 ἐκεῖ
431 3023 483 3072 σοι
507 3006 688 3092 ἐξίσταμαι·
716 3010 800 3075 ὅπου
828 3011 928 3075 πάλιν
955 3009 1020 3093 ἐγὼ
1048 3016 1220 3097 κρείττων,

206 3113 247 3176 σὺ
275 3113 463 3199 παραχώρει
490 3138 554 3197 μοι.
606 3112 679 3198 ἐμοὶ
706 3115 769 3199 γάρ
797 3113 994 3201 μεμέληκεν,
1023 3114 1076 3181 σοὶ
1104 3115 1135 3181 δ’
1168 3121 1221 3184 οὔ.

278 3401 442 3474 3έπιμενεῖ
457 3407 609 3464 Salmasius
639 3412 649 3478 ΙΙ
677 3416 710 3464 10
730 3409 757 3482 ὃ]
776 3410 825 3472 οὓς
842 3411 928 3468 δαίων.
961 3415 971 3482 ΙΙ
1004 3419 1035 3469 12
1055 3411 1086 3468 τδ
1104 3417 1221 3486 scripsi:

205 3495 234 3527 τ·
252 3476 315 3542 (sic)
336 3475 458 3544 Ssupra
477 3479 591 3547 ίίκεακις
609 3495 659 3534 om.
679 3497 706 3548 s‚·
725 3498 763 3535 ακ
782 3482 924 3552 χρώμενόν
942 3482 996 3538 ve?
1023 3487 1033 3554 ΙΙ
1060 3491 1094 3539 20
1113 3485 1220 3542 δόκαν-

206 3563 253 3597 ται
268 3544 300 3600 S:
318 3561 386 3626 οονν.
406 3546 490 3602 Schw.
522 3551 532 3616 ΙΙ
562 3553 595 3602 22
616 3546 671 3619 [δ’]
690 3551 772 3606 debs
