2636 3922
183 170 227 235 96
325 171 509 223 APPIANOT
526 170 601 224 ΤΩΝ
619 169 837 222 ΕΠΙΚΤΗΤΟΤ
855 169 1050 221 ΔΙΑΤΡΙΒΩΝ

184 334 220 398 οἱ
244 329 410 421 τραγῳδοὶ
442 333 612 416 οἰήσονται
641 329 779 408 ἑαυτοὺς
809 325 896 398 εἶναι
924 341 1115 416 προσωπεῖα
1143 330 1200 396 καὶ

184 437 329 522 ἐμβάδας
356 436 411 506 καὶ
437 440 475 504 τὸ
503 440 621 525 σύρμα.
668 439 843 524 ἄνθρωπε,
872 446 973 504 ταῦτα
999 437 1086 522 ὕλην
1115 440 1200 523 ἔχεις

130 561 164 608 42
185 544 240 611 καὶ
263 546 437 611 ὑπόθεσιν.
483 544 627 631 φθέγξαι
650 569 693 629 τι,
715 545 772 610 ἵνα
796 546 937 628 εἰδῶμεν
958 547 1100 629 πότερον
1123 569 1200 631 τρα-

185 653 293 740 γῳδὸς
320 648 352 716 εἴ
378 651 398 736 ἢ
426 655 659 734 γελωτοποιός·
691 652 787 717 κοινά
815 652 878 738 γάρ
907 653 1020 735 ἔχουσι
1048 652 1088 716 τά
1115 653 1200 717 άλλα

130 772 165 820 43
186 758 375 844 ἀμφότεροι.
426 759 482 824 διά
510 767 609 824 τοῦτο
642 757 684 822 δν
715 756 821 844 άφέλη
851 780 900 835 τις
928 757 1032 824 αὐτοῦ
1058 755 1114 822 καὶ
1143 757 1200 834 τὰς
1228 775 1241 816 ε

185 865 330 950 ἐμβάδας
363 864 419 930 καὶ
452 867 490 931 τὸ
524 876 736 948 προσωπεῖον
771 862 827 930 καὶ
867 863 904 930 ἐν
935 865 1063 952 εἰδώλῳ
1096 864 1200 930 αὐτὸν

146 1023 149 1028 .
183 972 394 1058 προσαγάγῃ,
422 971 570 1037 ἀπώλετο
598 971 811 1058 ὁτραγωδὸς
832 970 853 1054 ἣ
877 968 983 1055 μένει;
1013 969 1056 1036 άν
1079 970 1199 1055 φανὴν

185 1080 254 1162 ἔχη,
277 1076 377 1162 μένει.

130 1199 165 1245 44
252 1182 318 1248 Καὶ
342 1183 473 1249 ἐνθάδε.
516 1184 606 1269 “λάβε
633 1182 836 1269 ἡγεμονίαν.’
877 1183 1035 1269 λαμβάνω
1063 1179 1119 1247 καὶ
1142 1187 1199 1246 λα-

185 1290 255 1373 βὼν
285 1291 427 1355 δεικνύω
454 1300 524 1368 πώς
551 1291 730 1376 ἄνθρωπος
757 1289 995 1377 ἀναστρέφεται
1022 1289 1199 1354 πεπαιδευ-
1215 1312 1241 1350 ιο

131 1409 165 1458 44
185 1393 294 1479 μένος.
332 1391 403 1472 ‘mg
421 1396 482 1478 τὴν
500 1397 715 1480 πλατύσημον
734 1394 788 1460 καὶ
803 1395 980 1480 ἀναλαβὼν
995 1396 1079 1480 ῥάκη
1097 1396 1199 1481 πρόσ-

185 1506 264 1566 ελθε
293 1500 330 1565 ἐν
357 1502 523 1589 προσώπῳ
550 1501 710 1590 τοιούτμ.’
756 1505 792 1566 τί
816 1495 894 1577 οὖν;
923 1501 963 1568 οὐ
987 1499 1123 1567 δέδοταί
1142 1524 1199 1594 μοι

132 1621 166 1671 46
185 1608 291 1691 καλὴν
319 1608 439 1692 φωνὴν
468 1610 681 1692 είσενεγκεῖν;
713 1619 782 1683 πώς
810 1603 873 1673 οὖν
901 1606 1092 1691 ἀναβαίνεις
1110 1615 1198 1688 Ινῦν;

82 1789 84 1796 Α
132 1728 165 1777 47
186 1714 231 1790 ώς
253 1713 378 1800 μάρτυς
400 1713 465 1779 ὑπὸ
488 1723 548 1781 τοῦ
578 1720 663 1779 θεοῦ
690 1711 897 1797 κεκλημένος.
943 1712 1055 1800 Ἔρχου
1078 1714 1121 1778 σὺ
1144 1709 1201 1778 καὶ

185 1822 398 1906 μαρτύρησόν
422 1841 490 1904 μοι·
521 1823 563 1886 σὺ
587 1821 650 1906 γάρ
674 1818 765 1897 άξιος
787 1815 819 1884 εἶ
839 1825 1050 1905 προαχθῆναι
1074 1817 1201 1902 μάρτυς
1214 1840 1239 1882 ιι

186 1924 241 1990 ὑπ’
270 1925 359 2010 ἐμοῦ.
405 1927 449 2009 μὴ
477 1948 508 1990 τι
535 1936 603 1990 τών
631 1925 722 2001 ἐκτὸς
744 1933 801 2009 τῆς
823 1923 1045 2012 προαιρέσεως
1067 1922 1200 2008 ἀγαθόν
1307 1917 1308 1930 ’

187 2031 277 2096 ἐστιν
299 2030 320 2114 ἢ
343 2033 461 2107 κακόν;
485 2032 529 2113 μή
553 2053 627 2095 τινα
649 2030 799 2113 βλάπτεις
826 2032 872 2115 μή
894 2054 926 2095 τι
950 2028 1000 2096 ἐπ’
1026 2031 1115 2119 άλλη)
1138 2031 1201 2114 την

131 2152 166 2200 48
187 2134 350 2219 ὠφέλειαν
387 2134 524 2220 ἐποίησα
558 2136 620 2219 τὴν
660 2133 798 2200 ἑκάστου
829 2134 851 2219 ἢ
884 2132 932 2200 ἐπ’
969 2135 1086 2223 αὐτοῖς’
1124 2139 1200 2201 τίνα

186 2237 370 2328 μαρτυρίαν
394 2242 495 2318 δίδως
516 2251 561 2329 τῷ
584 2249 670 2330 θεῷ;
697 2240 746 2308 ’ἐν
770 2243 894 2318 δεινοῖς
916 2245 995 2326 είμι,
1017 2243 1122 2327 κύριε,
1144 2241 1200 2308 καὶ

187 2351 351 2434 δυστυχῶ,
375 2349 485 2425 οὐδείς
503 2372 569 2433 μου
588 2347 829 2435 ἐπιστρέφεται,
851 2349 963 2425 οὐδείς
983 2373 1039 2432 μοι
1058 2350 1199 2414 δίδωσιν
1214 2370 1240 2410 ιο

133 2471 167 2521 49
186 2453 304 2539 οὐδέν,
331 2455 450 2533 πάντες
476 2454 655 2539 ψέγουσιν,
682 2454 944 2539 κακολογοῠσιν.’
994 2462 1095 2520 ταῦτα
1124 2453 1200 2539 μέλ·
1297 2497 1305 2542 ·,

187 2567 254 2639 λεις
281 2573 461 2647 μαρτυρεῖν
492 2559 548 2627 καὶ
576 2562 809 2647 καταισχύνειν
840 2563 902 2645 την
931 2567 1050 2645 κλῆσιν
1076 2561 1118 2646 ἣν
1147 2560 1200 2628 κέ-
1304 2553 1305 2560 ¹

187 2672 322 2751 κληκεν,
350 2665 400 2732 ὅτι
429 2685 465 2732 σε
492 2662 646 2751 ἐτίμησεν
668 2669 791 2751 ταύτην
813 2669 875 2752 την
897 2669 996 2752 τιμην
1022 2665 1078 2734 καὶ
1105 2667 1200 2746 ἄξιον

187 2771 332 2854 ἡγήσατο
354 2786 578 2858 προσαγαγεῖν
602 2775 649 2850 εἰς
670 2778 854 2862 μαρτυρίαν
877 2776 1091 2859 τηλικαύτην;

135 2895 169 2944 50
252 2875 337 2943 Ἀλλ’
365 2878 556 2964 ἀπεφήνατο
584 2880 602 2946 ὁ
633 2881 718 2965 ἔχων
744 2882 805 2964 την
833 2879 987 2958 ἐξουσίαν
1019 2880 1134 2966 κρίνοι
1163 2899 1199 2947 σε
1214 2901 1241 2942 ιι

188 2984 290 3068 άσεβῖη
317 2982 373 3049 καὶ
400 2985 538 3052 άνόσιον
566 2982 672 3052 εἶναι’
723 2992 758 3052 τί
778 3004 832 3053 σοι
863 2985 1016 3070 γέγονεν,
1047 2986 1200 3071 “ἐκρίθην

135 3107 168 3156 51
189 3089 310 3174 άσεβης
327 3087 382 3154 καὶ
401 3090 535 3167 ἀνόσιος
554 3088 659 3157 εἶναι’.
698 3093 779 3157 άλλο
799 3091 912 3168 οὐδέν;
938 3091 1071 3158 οὐδέν’.
1109 3096 1141 3158 εί
1163 3091 1200 3160 δὲ

259 3253 292 3301 27
300 3264 360 3314 sqq.
366 3246 453 3300 Eneh.
460 3253 506 3302 42:
517 3247 565 3301 καλ
572 3247 626 3318 γάρ
633 3248 664 3303 τὸ
672 3248 778 3315 ἀληθὲς
787 3223 1032 3318 συμπεπλεγμένον
1040 3249 1122 3312 άντις
1131 3252 1201 3306 ὑπο-

188 3317 259 3390 λάβη
274 3320 388 3386 ψεῦδος,
400 3319 432 3373 οὐ
442 3317 473 3371 τὸ
484 3319 732 3389 συμπεπλεγμένον
741 3318 894 3391 βέβλαπται
904 3318 964 3373 ἀλλ’
978 3316 1200 3390 δέξαπατηθείς.

262 3458 455 3529 ῖπροαγάγηι
474 3459 506 3514 S.-
523 3475 626 3516 συνὴν
652 3463 661 3528 ΙΙ
691 3465 722 3512 ll
737 3458 861 3527 πρόελθε
875 3459 1028 3518 Salmasius
1058 3465 1068 3531 ΙΙ
1097 3468 1129 3516 18
1150 3459 1198 3532 ἐφ’

189 3530 264 3602 αὐτῷ
283 3529 312 3591 δ.
342 3533 352 3600 ΙΙ
384 3537 418 3584 24
431 3537 604 3600 προαγαγεῖν
628 3531 710 3596 Wolf
