<?xml version="1.0" encoding="UTF-8"?>
<!DOCTYPE html PUBLIC "-//W3C//DTD XHTML 1.0 Transitional//EN"
    "http://www.w3.org/TR/xhtml1/DTD/xhtml1-transitional.dtd">
<html xmlns="http://www.w3.org/1999/xhtml" xml:lang="en" lang="en">
 <head>
  <title>
</title>
<meta http-equiv="Content-Type" content="text/html;charset=utf-8" />
  <meta name='ocr-system' content='tesseract 3.04.00' />
  <meta name='ocr-capabilities' content='ocr_page ocr_carea ocr_par ocr_line ocrx_word'/>
</head>
<body>
  <div class='ocr_page' id='page_1' title='image "./dissertationesa00epicgoog/dissertationesa00epicgoog_0373.png"; bbox 0 0 2636 3930; ppageno 0'>
   <div class='ocr_carea' id='block_1_1' title="bbox 185 227 1057 294">
    <p class='ocr_par' dir='ltr' id='par_1_1' title="bbox 185 227 1057 294">
     <span class='ocr_line' id='line_1_1' title="bbox 185 227 1057 294; baseline -0.007 -9"><span class='ocrx_word' id='word_1_1' title='bbox 185 227 251 294; x_wconf 65' lang='lat'><strong><em>278</em></strong></span> <span class='ocrx_word' id='word_1_2' title='bbox 334 229 517 282; x_wconf 78' lang='lat' dir='ltr'><strong>APPIANOT</strong></span> <span class='ocrx_word' id='word_1_3' title='bbox 535 228 609 280; x_wconf 78' lang='grc' dir='ltr'><strong><em>ΤΩΝ</em></strong></span> <span class='ocrx_word' id='word_1_4' title='bbox 627 227 844 279; x_wconf 84' lang='grc' dir='ltr'>ΕΠΙΚΤΗΤΟΤ</span> <span class='ocrx_word' id='word_1_5' title='bbox 862 227 1057 279; x_wconf 81' lang='grc' dir='ltr'>ΔΙΑΤΡΙΒΩΝ</span> 
     </span>
    </p>
   </div>
   <div class='ocr_carea' id='block_1_2' title="bbox 127 385 1298 3059">
    <p class='ocr_par' dir='ltr' id='par_1_2' title="bbox 132 385 1206 690">
     <span class='ocr_line' id='line_1_2' title="bbox 132 385 1206 475; baseline -0.007 -16"><span class='ocrx_word' id='word_1_6' title='bbox 132 409 166 459; x_wconf 89' lang='grc'><strong><em>93</em></strong></span> <span class='ocrx_word' id='word_1_7' title='bbox 252 392 327 475; x_wconf 93' lang='grc' dir='ltr'><strong><em>Πρὸ</em></strong></span> <span class='ocrx_word' id='word_1_8' title='bbox 350 391 485 456; x_wconf 85' lang='grc' dir='ltr'><strong><em>πάντων</em></strong></span> <span class='ocrx_word' id='word_1_9' title='bbox 508 385 545 455; x_wconf 74' lang='grc' dir='ltr'><strong><em>δὲ</em></strong></span> <span class='ocrx_word' id='word_1_10' title='bbox 568 391 606 454; x_wconf 90' lang='grc' dir='ltr'><strong><em>τὸ</em></strong></span> <span class='ocrx_word' id='word_1_11' title='bbox 628 388 828 472; x_wconf 79' lang='grc' dir='ltr'><strong><em>ἡγεμονικὸν</em></strong></span> <span class='ocrx_word' id='word_1_12' title='bbox 850 387 953 454; x_wconf 84' lang='grc' dir='ltr'><strong><em>αὐτοῦ</em></strong></span> <span class='ocrx_word' id='word_1_13' title='bbox 977 388 1030 452; x_wconf 76' lang='grc' dir='ltr'><strong><em>δεῖ</em></strong></span> <span class='ocrx_word' id='word_1_14' title='bbox 1045 389 1206 471; x_wconf 82' lang='grc' dir='ltr'><strong><em>καθαρώ-</em></strong></span> 
     </span>
     <span class='ocr_line' id='line_1_3' title="bbox 186 489 1205 580; baseline -0.004 -18"><span class='ocrx_word' id='word_1_15' title='bbox 186 520 284 580; x_wconf 86' lang='grc' dir='ltr'><strong><em>τερον</em></strong></span> <span class='ocrx_word' id='word_1_16' title='bbox 313 491 398 562; x_wconf 82' lang='grc' dir='ltr'><strong><em>εἶναι</em></strong></span> <span class='ocrx_word' id='word_1_17' title='bbox 430 504 490 562; x_wconf 88' lang='grc' dir='ltr'><strong><em>τοῦ</em></strong></span> <span class='ocrx_word' id='word_1_18' title='bbox 521 496 632 579; x_wconf 79' lang='grc' dir='ltr'><strong><em>ἡλίου·</em></strong></span> <span class='ocrx_word' id='word_1_19' title='bbox 666 495 696 559; x_wconf 88' lang='grc' dir='ltr'><strong><em>εί</em></strong></span> <span class='ocrx_word' id='word_1_20' title='bbox 722 489 760 559; x_wconf 70' lang='grc' dir='ltr'><strong><em>δὲ</em></strong></span> <span class='ocrx_word' id='word_1_21' title='bbox 787 497 848 580; x_wconf 76' lang='grc' dir='ltr'><strong><em>μή,</em></strong></span> <span class='ocrx_word' id='word_1_22' title='bbox 880 494 1045 578; x_wconf 76' lang='grc' dir='ltr'><strong><em>κυβευτὴν</em></strong></span> <span class='ocrx_word' id='word_1_23' title='bbox 1072 492 1205 577; x_wconf 79' lang='grc' dir='ltr'><strong><em>ἀνάγκη</em></strong></span> 
     </span>
     <span class='ocr_line' id='line_1_4' title="bbox 186 598 1206 690; baseline -0.003 -23"><span class='ocrx_word' id='word_1_24' title='bbox 186 598 316 688; x_wconf 86' lang='grc' dir='ltr'><strong><em>&lt;εἷναι&gt;</em></strong></span> <span class='ocrx_word' id='word_1_25' title='bbox 339 600 394 667; x_wconf 82' lang='grc' dir='ltr'><strong><em>καὶ</em></strong></span> <span class='ocrx_word' id='word_1_26' title='bbox 422 602 642 690; x_wconf 76' lang='grc' dir='ltr'><strong><em>ῥᾳδιουργόν,</em></strong></span> <span class='ocrx_word' id='word_1_27' title='bbox 669 599 758 677; x_wconf 85' lang='grc' dir='ltr'><strong><em>ὅστις</em></strong></span> <span class='ocrx_word' id='word_1_28' title='bbox 785 599 979 686; x_wconf 85' lang='grc' dir='ltr'><strong><em>ἐνεχόμευύς</em></strong></span> <span class='ocrx_word' id='word_1_29' title='bbox 1006 623 1072 665; x_wconf 91' lang='grc' dir='ltr'><strong><em>τινι</em></strong></span> <span class='ocrx_word' id='word_1_30' title='bbox 1101 599 1206 675; x_wconf 87' lang='grc' dir='ltr'><strong><em>αὐτὸς</em></strong></span> 
     </span>
    </p>

    <p class='ocr_par' dir='ltr' id='par_1_3' title="bbox 130 698 1241 1219">
     <span class='ocr_line' id='line_1_5' title="bbox 130 698 1205 796; baseline -0.003 -22"><span class='ocrx_word' id='word_1_31' title='bbox 130 724 165 774; x_wconf 75' lang='grc'><strong><em>94</em></strong></span> <span class='ocrx_word' id='word_1_32' title='bbox 184 716 273 796; x_wconf 80' lang='grc' dir='ltr'><strong><em>κακῷ</em></strong></span> <span class='ocrx_word' id='word_1_33' title='bbox 297 707 480 792; x_wconf 76' lang='grc' dir='ltr'><strong><em>ἐπιτιμήσει</em></strong></span> <span class='ocrx_word' id='word_1_34' title='bbox 503 718 572 784; x_wconf 82' lang='grc' dir='ltr'><strong><em>τοῖς</em></strong></span> <span class='ocrx_word' id='word_1_35' title='bbox 594 708 715 783; x_wconf 76' lang='grc' dir='ltr'><strong><em>ἄλλοις.</em></strong></span> <span class='ocrx_word' id='word_1_36' title='bbox 753 706 814 792; x_wconf 82' lang='grc' dir='ltr'><strong><em>ὅρα</em></strong></span> <span class='ocrx_word' id='word_1_37' title='bbox 833 708 896 791; x_wconf 80' lang='grc' dir='ltr'><strong><em>γάρ</em></strong></span> <span class='ocrx_word' id='word_1_38' title='bbox 919 698 992 772; x_wconf 82' lang='grc' dir='ltr'><strong><em>οἷόν</em></strong></span> <span class='ocrx_word' id='word_1_39' title='bbox 1015 705 1093 772; x_wconf 90' lang='grc' dir='ltr'><strong><em>ἐστι.</em></strong></span> <span class='ocrx_word' id='word_1_40' title='bbox 1131 717 1205 784; x_wconf 83' lang='grc' dir='ltr'><strong><em>τοῖς</em></strong></span> 
     </span>
     <span class='ocr_line' id='line_1_6' title="bbox 184 810 1241 899; baseline -0.008 -20"><span class='ocrx_word' id='word_1_41' title='bbox 184 818 356 899; x_wconf 86' lang='grc' dir='ltr'><strong><em>βασιλεῦσι</em></strong></span> <span class='ocrx_word' id='word_1_42' title='bbox 379 815 508 891; x_wconf 75' lang='grc' dir='ltr'><strong><em>τούτοις</em></strong></span> <span class='ocrx_word' id='word_1_43' title='bbox 531 811 585 879; x_wconf 84' lang='grc' dir='ltr'><strong><em>καὶ</em></strong></span> <span class='ocrx_word' id='word_1_44' title='bbox 608 812 785 896; x_wconf 79' lang='grc' dir='ltr'><strong><em>τυράννοις</em></strong></span> <span class='ocrx_word' id='word_1_45' title='bbox 809 814 844 879; x_wconf 90' lang='grc' dir='ltr'><strong><em>οί</em></strong></span> <span class='ocrx_word' id='word_1_46' title='bbox 872 815 1057 899; x_wconf 78' lang='grc' dir='ltr'><strong><em>δορυφόροι</em></strong></span> <span class='ocrx_word' id='word_1_47' title='bbox 1080 810 1137 878; x_wconf 80' lang='grc' dir='ltr'><strong><em>καὶ</em></strong></span> <span class='ocrx_word' id='word_1_48' title='bbox 1162 814 1204 878; x_wconf 86' lang='grc' dir='ltr'><strong><em>τά</em></strong></span> <span class='ocrx_word' id='word_1_49' title='bbox 1230 832 1241 871; x_wconf 83' lang='lat'>5</span> 
     </span>
     <span class='ocr_line' id='line_1_7' title="bbox 185 917 1204 1006; baseline 0 -21"><span class='ocrx_word' id='word_1_50' title='bbox 185 921 269 986; x_wconf 83' lang='grc' dir='ltr'><strong><em>ὅπλα</em></strong></span> <span class='ocrx_word' id='word_1_51' title='bbox 292 932 427 1006; x_wconf 78' lang='grc' dir='ltr'><strong><em>παρεῖχε</em></strong></span> <span class='ocrx_word' id='word_1_52' title='bbox 450 923 487 985; x_wconf 89' lang='grc' dir='ltr'><strong><em>τὸ</em></strong></span> <span class='ocrx_word' id='word_1_53' title='bbox 512 919 665 1004; x_wconf 80' lang='grc' dir='ltr'><strong><em>ἐπιτιμᾶν</em></strong></span> <span class='ocrx_word' id='word_1_54' title='bbox 687 935 776 984; x_wconf 91' lang='grc' dir='ltr'><strong><em>τισιν</em></strong></span> <span class='ocrx_word' id='word_1_55' title='bbox 795 917 850 983; x_wconf 85' lang='grc' dir='ltr'><strong><em>καὶ</em></strong></span> <span class='ocrx_word' id='word_1_56' title='bbox 873 920 1042 985; x_wconf 79' lang='grc' dir='ltr'><strong><em>δύνασθαι</em></strong></span> <span class='ocrx_word' id='word_1_57' title='bbox 1065 917 1121 984; x_wconf 79' lang='grc' dir='ltr'><strong><em>καὶ</em></strong></span> <span class='ocrx_word' id='word_1_58' title='bbox 1146 943 1204 985; x_wconf 90' lang='grc' dir='ltr'><strong><em>κο-</em></strong></span> 
     </span>
     <span class='ocr_line' id='line_1_8' title="bbox 184 1021 1203 1113; baseline -0.002 -21"><span class='ocrx_word' id='word_1_59' title='bbox 184 1027 294 1105; x_wconf 82' lang='grc' dir='ltr'><strong><em>λάζειν</em></strong></span> <span class='ocrx_word' id='word_1_60' title='bbox 317 1030 394 1104; x_wconf 90' lang='grc' dir='ltr'><strong><em>τοὺς</em></strong></span> <span class='ocrx_word' id='word_1_61' title='bbox 416 1025 667 1111; x_wconf 87' lang='grc' dir='ltr'><strong><em>ἁμαρτάνοντας</em></strong></span> <span class='ocrx_word' id='word_1_62' title='bbox 689 1023 745 1090; x_wconf 79' lang='grc' dir='ltr'><strong><em>καὶ</em></strong></span> <span class='ocrx_word' id='word_1_63' title='bbox 768 1025 881 1103; x_wconf 79' lang='grc' dir='ltr'><strong><em>αὐτοῖς</em></strong></span> <span class='ocrx_word' id='word_1_64' title='bbox 903 1021 980 1092; x_wconf 83' lang='grc' dir='ltr'><strong><em>οὖσι</em></strong></span> <span class='ocrx_word' id='word_1_65' title='bbox 1002 1037 1128 1111; x_wconf 77' lang='grc' dir='ltr'><strong><em>κακοῖς,</em></strong></span> <span class='ocrx_word' id='word_1_66' title='bbox 1156 1035 1203 1113; x_wconf 77' lang='grc' dir='ltr'><strong><em>τῷ</em></strong></span> 
     </span>
     <span class='ocr_line' id='line_1_9' title="bbox 184 1129 1203 1219; baseline 0 -22"><span class='ocrx_word' id='word_1_67' title='bbox 184 1137 320 1219; x_wconf 77' lang='grc' dir='ltr'><strong><em>Κννικῷ</em></strong></span> <span class='ocrx_word' id='word_1_68' title='bbox 344 1130 418 1198; x_wconf 85' lang='grc' dir='ltr'><strong><em>άντὶ</em></strong></span> <span class='ocrx_word' id='word_1_69' title='bbox 441 1143 509 1196; x_wconf 84' lang='grc' dir='ltr'><strong><em>τῶν</em></strong></span> <span class='ocrx_word' id='word_1_70' title='bbox 533 1131 646 1198; x_wconf 83' lang='grc' dir='ltr'><strong><em>ὅπλων</em></strong></span> <span class='ocrx_word' id='word_1_71' title='bbox 669 1129 724 1196; x_wconf 81' lang='grc' dir='ltr'><strong><em>καὶ</em></strong></span> <span class='ocrx_word' id='word_1_72' title='bbox 747 1143 815 1197; x_wconf 82' lang='grc' dir='ltr'><strong><em>τῶν</em></strong></span> <span class='ocrx_word' id='word_1_73' title='bbox 839 1133 1040 1218; x_wconf 74' lang='grc' dir='ltr'><strong><em>δορυφόρων</em></strong></span> <span class='ocrx_word' id='word_1_74' title='bbox 1058 1134 1095 1198; x_wconf 91' lang='grc' dir='ltr'><strong><em>τὸ</em></strong></span> <span class='ocrx_word' id='word_1_75' title='bbox 1120 1149 1203 1197; x_wconf 93' lang='grc' dir='ltr'><strong><em>συν-</em></strong></span> 
     </span>
    </p>

    <p class='ocr_par' dir='ltr' id='par_1_4' title="bbox 129 1236 1298 1855">
     <span class='ocr_line' id='line_1_10' title="bbox 129 1236 1202 1324; baseline -0.003 -18"><span class='ocrx_word' id='word_1_76' title='bbox 129 1255 165 1306; x_wconf 79' lang='grc'><strong><em>95</em></strong></span> <span class='ocrx_word' id='word_1_77' title='bbox 184 1240 273 1314; x_wconf 81' lang='grc' dir='ltr'><strong><em>ειόὸς</em></strong></span> <span class='ocrx_word' id='word_1_78' title='bbox 300 1239 361 1320; x_wconf 82' lang='grc' dir='ltr'><strong><em>την</em></strong></span> <span class='ocrx_word' id='word_1_79' title='bbox 389 1236 543 1315; x_wconf 82' lang='grc' dir='ltr'><strong><em>ἐξουσίαν</em></strong></span> <span class='ocrx_word' id='word_1_80' title='bbox 574 1239 698 1322; x_wconf 91' lang='grc' dir='ltr'><strong><em>ταύτην</em></strong></span> <span class='ocrx_word' id='word_1_81' title='bbox 728 1239 966 1322; x_wconf 80' lang='grc' dir='ltr'><strong><em>παραδίδωσιν.</em></strong></span> <span class='ocrx_word' id='word_1_82' title='bbox 1018 1237 1099 1304; x_wconf 83' lang='grc' dir='ltr'><strong><em>ὅταν</em></strong></span> <span class='ocrx_word' id='word_1_83' title='bbox 1133 1239 1202 1324; x_wconf 78' lang='grc' dir='ltr'><strong><em>ίύῃ,</em></strong></span> 
     </span>
     <span class='ocr_line' id='line_1_11' title="bbox 184 1339 1241 1428; baseline 0.001 -20"><span class='ocrx_word' id='word_1_84' title='bbox 184 1343 235 1408; x_wconf 82' lang='grc' dir='ltr'><strong><em>ὅτι</em></strong></span> <span class='ocrx_word' id='word_1_85' title='bbox 267 1342 563 1428; x_wconf 81' lang='grc' dir='ltr'><strong><em>ὑπερημρύπυηκεν</em></strong></span> <span class='ocrx_word' id='word_1_86' title='bbox 591 1339 674 1428; x_wconf 71' lang='grc' dir='ltr'><strong><em>ὑπὲρ</em></strong></span> <span class='ocrx_word' id='word_1_87' title='bbox 708 1343 898 1427; x_wconf 83' lang='grc' dir='ltr'><strong><em>ἀνθρώπων</em></strong></span> <span class='ocrx_word' id='word_1_88' title='bbox 925 1342 981 1409; x_wconf 80' lang='grc' dir='ltr'><strong><em>καὶ</em></strong></span> <span class='ocrx_word' id='word_1_89' title='bbox 1013 1349 1202 1427; x_wconf 87' lang='grc' dir='ltr'><strong><em>πεπύνῃκευ</em></strong></span> <span class='ocrx_word' id='word_1_90' title='bbox 1217 1365 1241 1403; x_wconf 83' lang='lat'><strong><em>1⁰</em></strong></span> 
     </span>
     <span class='ocr_line' id='line_1_12' title="bbox 183 1446 1202 1535; baseline 0.003 -22"><span class='ocrx_word' id='word_1_91' title='bbox 183 1446 238 1514; x_wconf 80' lang='grc' dir='ltr'><strong><em>καὶ</em></strong></span> <span class='ocrx_word' id='word_1_92' title='bbox 257 1451 405 1535; x_wconf 89' lang='grc' dir='ltr'><strong><em>καθαρὸς</em></strong></span> <span class='ocrx_word' id='word_1_93' title='bbox 424 1446 484 1534; x_wconf 76' lang='grc' dir='ltr'><strong><em>μὲν</em></strong></span> <span class='ocrx_word' id='word_1_94' title='bbox 502 1453 703 1534; x_wconf 85' lang='grc' dir='ltr'><strong><em>κεκοίμηται,</em></strong></span> <span class='ocrx_word' id='word_1_95' title='bbox 722 1450 959 1534; x_wconf 87' lang='grc' dir='ltr'><strong><em>καθαρώτερον</em></strong></span> <span class='ocrx_word' id='word_1_96' title='bbox 978 1447 1007 1515; x_wconf 75' lang='grc' dir='ltr'><strong><em>δ’</em></strong></span> <span class='ocrx_word' id='word_1_97' title='bbox 1030 1450 1133 1516; x_wconf 85' lang='grc' dir='ltr'><strong><em>αὐτὸν</em></strong></span> <span class='ocrx_word' id='word_1_98' title='bbox 1153 1453 1202 1516; x_wconf 82' lang='grc' dir='ltr'><strong><em>ἔτι</em></strong></span> 
     </span>
     <span class='ocr_line' id='line_1_13' title="bbox 184 1553 1202 1642; baseline 0 -20"><span class='ocrx_word' id='word_1_99' title='bbox 184 1556 202 1622; x_wconf 83' lang='grc' dir='ltr'>ὁ</span> <span class='ocrx_word' id='word_1_100' title='bbox 226 1556 331 1633; x_wconf 81' lang='grc' dir='ltr'><strong><em>ὕπνος</em></strong></span> <span class='ocrx_word' id='word_1_101' title='bbox 354 1555 493 1640; x_wconf 79' lang='grc' dir='ltr'><strong><em>ἀφῆκεν,</em></strong></span> <span class='ocrx_word' id='word_1_102' title='bbox 524 1555 743 1640; x_wconf 82' lang='grc' dir='ltr'><strong><em>ἐντεθύμηται</em></strong></span> <span class='ocrx_word' id='word_1_103' title='bbox 767 1553 798 1619; x_wconf 73' lang='grc' dir='ltr'><strong><em>δ’</em></strong></span> <span class='ocrx_word' id='word_1_104' title='bbox 825 1556 887 1621; x_wconf 84' lang='grc' dir='ltr'><strong><em>ὅσα</em></strong></span> <span class='ocrx_word' id='word_1_105' title='bbox 910 1555 1133 1642; x_wconf 76' lang='grc' dir='ltr'><strong><em>ἐντεθύμηται</em></strong></span> <span class='ocrx_word' id='word_1_106' title='bbox 1157 1558 1202 1635; x_wconf 85' lang='grc' dir='ltr'><strong><em>ὡς</em></strong></span> 
     </span>
     <span class='ocr_line' id='line_1_14' title="bbox 183 1659 1298 1751; baseline 0 -23"><span class='ocrx_word' id='word_1_107' title='bbox 183 1665 281 1747; x_wconf 80' lang='grc' dir='ltr'><strong><em>φίλος</em></strong></span> <span class='ocrx_word' id='word_1_108' title='bbox 303 1674 374 1740; x_wconf 74' lang='grc' dir='ltr'><strong><em>τοῖς</em></strong></span> <span class='ocrx_word' id='word_1_109' title='bbox 395 1668 498 1746; x_wconf 76' lang='grc' dir='ltr'><strong><em>θεοῖς,</em></strong></span> <span class='ocrx_word' id='word_1_110' title='bbox 524 1663 568 1739; x_wconf 84' lang='grc' dir='ltr'><strong><em>ὡς</em></strong></span> <span class='ocrx_word' id='word_1_111' title='bbox 590 1661 766 1747; x_wconf 80' lang='grc' dir='ltr'><strong><em>ὑπηρέτης,</em></strong></span> <span class='ocrx_word' id='word_1_112' title='bbox 788 1661 833 1740; x_wconf 85' lang='grc' dir='ltr'><strong><em>ὡς</em></strong></span> <span class='ocrx_word' id='word_1_113' title='bbox 851 1659 995 1748; x_wconf 81' lang='grc' dir='ltr'><strong><em>μετέχων</em></strong></span> <span class='ocrx_word' id='word_1_114' title='bbox 1017 1671 1075 1747; x_wconf 80' lang='grc' dir='ltr'><strong><em>τῆς</em></strong></span> <span class='ocrx_word' id='word_1_115' title='bbox 1097 1662 1201 1751; x_wconf 79' lang='grc' dir='ltr'><strong><em>ἀρχῆς</em></strong></span> <span class='ocrx_word' id='word_1_116' title='bbox 1297 1691 1298 1702; x_wconf 56' lang='grc'>’</span> 
     </span>
     <span class='ocr_line' id='line_1_15' title="bbox 183 1766 983 1855; baseline 0 -21"><span class='ocrx_word' id='word_1_117' title='bbox 183 1778 243 1834; x_wconf 88' lang='grc' dir='ltr'><strong><em>τοῦ</em></strong></span> <span class='ocrx_word' id='word_1_118' title='bbox 267 1772 361 1852; x_wconf 88' lang='grc' dir='ltr'><strong><em>Διός,</em></strong></span> <span class='ocrx_word' id='word_1_119' title='bbox 384 1777 553 1854; x_wconf 86' lang='grc' dir='ltr'><strong><em>πανταχοῦ</em></strong></span> <span class='ocrx_word' id='word_1_120' title='bbox 577 1766 607 1833; x_wconf 79' lang='grc' dir='ltr'><strong><em>δ’</em></strong></span> <span class='ocrx_word' id='word_1_121' title='bbox 632 1768 720 1855; x_wconf 79' lang='grc' dir='ltr'><strong><em>αὐτῷ</em></strong></span> <span class='ocrx_word' id='word_1_122' title='bbox 745 1770 922 1854; x_wconf 86' lang='grc' dir='ltr'><strong><em>πρόχειρον</em></strong></span> <span class='ocrx_word' id='word_1_123' title='bbox 946 1770 983 1834; x_wconf 86' lang='grc' dir='ltr'><strong><em>τὸ</em></strong></span> 
     </span>
    </p>

    <p class='ocr_par' dir='ltr' id='par_1_5' title="bbox 129 1883 1239 2315">
     <span class='ocr_line' id='line_1_16' title="bbox 343 1883 1239 1960; baseline 0.001 -16"><span class='ocrx_word' id='word_1_124' title='bbox 343 1890 414 1958; x_wconf 78' lang='grc' dir='ltr'><strong><em>άῃον</em></strong></span> <span class='ocrx_word' id='word_1_125' title='bbox 434 1889 465 1946; x_wconf 82' lang='grc' dir='ltr'><strong><em>δέ</em></strong></span> <span class='ocrx_word' id='word_1_126' title='bbox 485 1887 514 1959; x_wconf 83' lang='grc' dir='ltr'><strong><em>μ’</em></strong></span> <span class='ocrx_word' id='word_1_127' title='bbox 537 1883 558 1944; x_wconf 86' lang='grc' dir='ltr'><strong>ὦ</strong></span> <span class='ocrx_word' id='word_1_128' title='bbox 580 1893 633 1944; x_wconf 83' lang='grc' dir='ltr'><strong><em>Ζεῦ</em></strong></span> <span class='ocrx_word' id='word_1_129' title='bbox 652 1889 701 1944; x_wconf 86' lang='grc' dir='ltr'><strong><em>καὶ</em></strong></span> <span class='ocrx_word' id='word_1_130' title='bbox 720 1889 753 1944; x_wconf 87' lang='grc' dir='ltr'><strong><em>σύ</em></strong></span> <span class='ocrx_word' id='word_1_131' title='bbox 772 1887 800 1960; x_wconf 76' lang='grc' dir='ltr'><strong><em>μ’</em></strong></span> <span class='ocrx_word' id='word_1_132' title='bbox 821 1888 838 1958; x_wconf 78' lang='grc' dir='ltr'><em>ἡ</em></span> <span class='ocrx_word' id='word_1_133' title='bbox 858 1889 1046 1960; x_wconf 78' lang='grc' dir='ltr'><strong><em>Πεπρωμένη·</em></strong></span> <span class='ocrx_word' id='word_1_134' title='bbox 1215 1896 1239 1934; x_wconf 84' lang='lat'><strong><em>15</em></strong></span> 
     </span>
     <span class='ocr_line' id='line_1_17' title="bbox 183 2014 1199 2103; baseline 0.003 -23"><span class='ocrx_word' id='word_1_135' title='bbox 183 2014 238 2080; x_wconf 83' lang='grc' dir='ltr'><strong><em>καὶ</em></strong></span> <span class='ocrx_word' id='word_1_136' title='bbox 261 2015 311 2080; x_wconf 83' lang='grc' dir='ltr'><strong><em>ὅτι</em></strong></span> <span class='ocrx_word' id='word_1_137' title='bbox 339 2017 371 2080; x_wconf 84' lang='grc' dir='ltr'><strong><em>εί</em></strong></span> <span class='ocrx_word' id='word_1_138' title='bbox 396 2016 516 2102; x_wconf 91' lang='grc' dir='ltr'><strong><em>ταύτῃ</em></strong></span> <span class='ocrx_word' id='word_1_139' title='bbox 539 2027 623 2092; x_wconf 80' lang='grc' dir='ltr'><strong><em>τοῖς</em></strong></span> <span class='ocrx_word' id='word_1_140' title='bbox 644 2022 757 2094; x_wconf 77' lang='grc' dir='ltr'><strong><em>θεοῖς</em></strong></span> <span class='ocrx_word' id='word_1_141' title='bbox 780 2019 912 2100; x_wconf 89' lang='grc' dir='ltr'><strong><em>φίλον,</em></strong></span> <span class='ocrx_word' id='word_1_142' title='bbox 941 2017 1061 2103; x_wconf 89' lang='grc' dir='ltr'><strong><em>ταύτῃ</em></strong></span> <span class='ocrx_word' id='word_1_143' title='bbox 1090 2015 1199 2101; x_wconf 81' lang='grc' dir='ltr'><strong><em>γενέ·</em></strong></span> 
     </span>
     <span class='ocr_line' id='line_1_18' title="bbox 129 2122 1199 2209; baseline 0.003 -23"><span class='ocrx_word' id='word_1_144' title='bbox 129 2138 164 2188; x_wconf 84' lang='grc' dir='ltr'><strong><em>9ο</em></strong></span> <span class='ocrx_word' id='word_1_145' title='bbox 184 2127 279 2186; x_wconf 86' lang='grc' dir='ltr'><strong><em>σθω·</em></strong></span> <span class='ocrx_word' id='word_1_146' title='bbox 309 2122 365 2186; x_wconf 78' lang='grc' dir='ltr'><strong><em>διὰ</em></strong></span> <span class='ocrx_word' id='word_1_147' title='bbox 392 2125 427 2186; x_wconf 92' lang='grc' dir='ltr'><strong><em>τί</em></strong></span> <span class='ocrx_word' id='word_1_148' title='bbox 451 2123 495 2205; x_wconf 81' lang='grc' dir='ltr'><strong><em>μη</em></strong></span> <span class='ocrx_word' id='word_1_149' title='bbox 522 2124 677 2207; x_wconf 78' lang='grc' dir='ltr'><strong><em>θαρρήσῃ</em></strong></span> <span class='ocrx_word' id='word_1_150' title='bbox 705 2123 986 2208; x_wconf 78' lang='grc' dir='ltr'><strong><em>παρρησιάζεσθαι</em></strong></span> <span class='ocrx_word' id='word_1_151' title='bbox 1015 2125 1098 2209; x_wconf 89' lang='grc' dir='ltr'><strong><em>πρὸς</em></strong></span> <span class='ocrx_word' id='word_1_152' title='bbox 1120 2125 1199 2202; x_wconf 87' lang='grc' dir='ltr'><strong><em>τοὺς</em></strong></span> 
     </span>
     <span class='ocr_line' id='line_1_19' title="bbox 182 2224 1199 2315; baseline 0.003 -23"><span class='ocrx_word' id='word_1_153' title='bbox 182 2227 349 2311; x_wconf 79' lang='grc' dir='ltr'><strong><em>ἀδελφοὺς</em></strong></span> <span class='ocrx_word' id='word_1_154' title='bbox 366 2229 444 2304; x_wconf 85' lang='grc' dir='ltr'><strong><em>τοὺς</em></strong></span> <span class='ocrx_word' id='word_1_155' title='bbox 462 2224 595 2310; x_wconf 83' lang='grc' dir='ltr'><strong><em>ἑαυτοῦ,</em></strong></span> <span class='ocrx_word' id='word_1_156' title='bbox 611 2230 694 2312; x_wconf 84' lang='grc' dir='ltr'><strong><em>πρὸς</em></strong></span> <span class='ocrx_word' id='word_1_157' title='bbox 711 2230 752 2293; x_wconf 82' lang='grc' dir='ltr'><strong><em>τά</em></strong></span> <span class='ocrx_word' id='word_1_158' title='bbox 770 2225 879 2313; x_wconf 83' lang='grc' dir='ltr'><strong><em>τέκνα,</em></strong></span> <span class='ocrx_word' id='word_1_159' title='bbox 898 2227 1008 2307; x_wconf 82' lang='grc' dir='ltr'><strong><em>ἁπλῶς</em></strong></span> <span class='ocrx_word' id='word_1_160' title='bbox 1020 2232 1104 2315; x_wconf 87' lang='grc' dir='ltr'><strong><em>πρὸς</em></strong></span> <span class='ocrx_word' id='word_1_161' title='bbox 1120 2231 1199 2308; x_wconf 85' lang='grc' dir='ltr'><strong><em>τοὺς</em></strong></span> 
     </span>
    </p>

    <p class='ocr_par' dir='ltr' id='par_1_6' title="bbox 127 2333 1237 2846">
     <span class='ocr_line' id='line_1_20' title="bbox 127 2333 1198 2423; baseline 0.003 -25"><span class='ocrx_word' id='word_1_162' title='bbox 127 2349 162 2399; x_wconf 78' lang='grc'><strong><em>97</em></strong></span> <span class='ocrx_word' id='word_1_163' title='bbox 182 2345 367 2417; x_wconf 83' lang='grc' dir='ltr'><strong><em>συμμενεῐς;</em></strong></span> <span class='ocrx_word' id='word_1_164' title='bbox 403 2333 458 2398; x_wconf 81' lang='grc' dir='ltr'><strong><em>διά</em></strong></span> <span class='ocrx_word' id='word_1_165' title='bbox 486 2343 584 2399; x_wconf 88' lang='grc' dir='ltr'><strong><em>τοῦτο</em></strong></span> <span class='ocrx_word' id='word_1_166' title='bbox 612 2334 689 2400; x_wconf 79' lang='grc' dir='ltr'><strong><em>οὔτε</em></strong></span> <span class='ocrx_word' id='word_1_167' title='bbox 717 2338 889 2421; x_wconf 81' lang='grc' dir='ltr'><strong><em>περίεργος</em></strong></span> <span class='ocrx_word' id='word_1_168' title='bbox 920 2336 997 2402; x_wconf 79' lang='grc' dir='ltr'><strong><em>οὔτε</em></strong></span> <span class='ocrx_word' id='word_1_169' title='bbox 1028 2336 1198 2423; x_wconf 88' lang='grc' dir='ltr'><strong><em>πολυπρά-</em></strong></span> 
     </span>
     <span class='ocr_line' id='line_1_21' title="bbox 181 2438 1237 2527; baseline -0.007 -20"><span class='ocrx_word' id='word_1_170' title='bbox 181 2465 274 2525; x_wconf 82' lang='grc' dir='ltr'><strong><em>γμων</em></strong></span> <span class='ocrx_word' id='word_1_171' title='bbox 298 2438 388 2506; x_wconf 79' lang='grc' dir='ltr'><strong><em>ἐστὶν</em></strong></span> <span class='ocrx_word' id='word_1_172' title='bbox 412 2440 430 2506; x_wconf 83' lang='grc' dir='ltr'>ὁ</span> <span class='ocrx_word' id='word_1_173' title='bbox 454 2440 541 2506; x_wconf 85' lang='grc' dir='ltr'><strong><em>οὕτω</em></strong></span> <span class='ocrx_word' id='word_1_174' title='bbox 566 2441 784 2524; x_wconf 77' lang='grc' dir='ltr'><strong><em>διακείμενος·</em></strong></span> <span class='ocrx_word' id='word_1_175' title='bbox 817 2441 857 2506; x_wconf 92' lang='grc' dir='ltr'><strong><em>ού</em></strong></span> <span class='ocrx_word' id='word_1_176' title='bbox 884 2442 948 2527; x_wconf 83' lang='grc' dir='ltr'><strong><em>γάρ</em></strong></span> <span class='ocrx_word' id='word_1_177' title='bbox 975 2443 1015 2506; x_wconf 83' lang='grc' dir='ltr'><strong><em>τά</em></strong></span> <span class='ocrx_word' id='word_1_178' title='bbox 1038 2439 1197 2527; x_wconf 82' lang='grc' dir='ltr'><strong><em>ἀλλότρια</em></strong></span> <span class='ocrx_word' id='word_1_179' title='bbox 1212 2463 1237 2501; x_wconf 76' lang='grc' dir='ltr'><strong><em>ιο</em></strong></span> 
     </span>
     <span class='ocr_line' id='line_1_22' title="bbox 180 2546 1197 2633; baseline 0.001 -20"><span class='ocrx_word' id='word_1_180' title='bbox 180 2553 463 2632; x_wconf 80' lang='grc' dir='ltr'><strong><em>πολυπραγμονεῖ,</em></strong></span> <span class='ocrx_word' id='word_1_181' title='bbox 486 2547 565 2612; x_wconf 85' lang='grc' dir='ltr'><strong><em>ὅταν</em></strong></span> <span class='ocrx_word' id='word_1_182' title='bbox 584 2547 624 2611; x_wconf 85' lang='grc' dir='ltr'><strong><em>τά</em></strong></span> <span class='ocrx_word' id='word_1_183' title='bbox 643 2547 841 2633; x_wconf 79' lang='grc' dir='ltr'><strong><em>ἀνθρώπινα</em></strong></span> <span class='ocrx_word' id='word_1_184' title='bbox 859 2546 1031 2632; x_wconf 75' lang='grc' dir='ltr'><strong><em>ἐπισκοπῇ,</em></strong></span> <span class='ocrx_word' id='word_1_185' title='bbox 1054 2546 1138 2614; x_wconf 82' lang='grc' dir='ltr'><strong><em>ἀλλά</em></strong></span> <span class='ocrx_word' id='word_1_186' title='bbox 1156 2550 1197 2614; x_wconf 86' lang='grc' dir='ltr'><strong><em>τά</em></strong></span> 
     </span>
     <span class='ocr_line' id='line_1_23' title="bbox 182 2649 1197 2740; baseline 0.001 -23"><span class='ocrx_word' id='word_1_187' title='bbox 182 2654 260 2718; x_wconf 77' lang='grc' dir='ltr'><strong><em>ίὸια.</em></strong></span> <span class='ocrx_word' id='word_1_188' title='bbox 295 2655 327 2717; x_wconf 85' lang='grc' dir='ltr'><strong><em>εί</em></strong></span> <span class='ocrx_word' id='word_1_189' title='bbox 344 2649 381 2718; x_wconf 70' lang='grc' dir='ltr'><strong><em>δὲ</em></strong></span> <span class='ocrx_word' id='word_1_190' title='bbox 399 2656 456 2738; x_wconf 83' lang='grc' dir='ltr'><strong><em>μη,</em></strong></span> <span class='ocrx_word' id='word_1_191' title='bbox 474 2652 549 2737; x_wconf 80' lang='grc' dir='ltr'><strong><em>λέγε</em></strong></span> <span class='ocrx_word' id='word_1_192' title='bbox 567 2651 623 2718; x_wconf 79' lang='grc' dir='ltr'><strong><em>καὶ</em></strong></span> <span class='ocrx_word' id='word_1_193' title='bbox 641 2655 700 2719; x_wconf 92' lang='grc' dir='ltr'><strong><em>τὸν</em></strong></span> <span class='ocrx_word' id='word_1_194' title='bbox 720 2655 905 2740; x_wconf 86' lang='grc' dir='ltr'><strong><em>στρατηγὸν</em></strong></span> <span class='ocrx_word' id='word_1_195' title='bbox 921 2654 1197 2740; x_wconf 80' lang='grc' dir='ltr'><strong><em>πολυπράγμονα,</em></strong></span> 
     </span>
     <span class='ocr_line' id='line_1_24' title="bbox 181 2757 1196 2846; baseline 0.004 -24"><span class='ocrx_word' id='word_1_196' title='bbox 181 2757 261 2823; x_wconf 79' lang='grc' dir='ltr'><strong><em>ὅταν</em></strong></span> <span class='ocrx_word' id='word_1_197' title='bbox 284 2761 362 2836; x_wconf 83' lang='grc' dir='ltr'><strong><em>τοὺς</em></strong></span> <span class='ocrx_word' id='word_1_198' title='bbox 385 2760 585 2844; x_wconf 85' lang='grc' dir='ltr'><strong><em>στρατιώτας</em></strong></span> <span class='ocrx_word' id='word_1_199' title='bbox 608 2758 768 2845; x_wconf 76' lang='grc' dir='ltr'><strong><em>ἐπισκοπῇ</em></strong></span> <span class='ocrx_word' id='word_1_200' title='bbox 791 2757 846 2825; x_wconf 84' lang='grc' dir='ltr'><strong><em>καὶ</em></strong></span> <span class='ocrx_word' id='word_1_201' title='bbox 870 2759 999 2844; x_wconf 77' lang='grc' dir='ltr'><strong><em>ἐξετάζῃ</em></strong></span> <span class='ocrx_word' id='word_1_202' title='bbox 1017 2758 1073 2825; x_wconf 79' lang='grc' dir='ltr'><strong><em>καὶ</em></strong></span> <span class='ocrx_word' id='word_1_203' title='bbox 1091 2780 1196 2846; x_wconf 92' lang='grc' dir='ltr'><strong><em>παρα-</em></strong></span> 
     </span>
    </p>

    <p class='ocr_par' dir='ltr' id='par_1_7' title="bbox 127 2861 1234 3059">
     <span class='ocr_line' id='line_1_25' title="bbox 127 2861 1195 2950; baseline 0.004 -22"><span class='ocrx_word' id='word_1_204' title='bbox 127 2880 161 2929; x_wconf 82' lang='grc'><strong><em>99</em></strong></span> <span class='ocrx_word' id='word_1_205' title='bbox 180 2864 335 2948; x_wconf 78' lang='grc' dir='ltr'><strong><em>φυλάσσῃ</em></strong></span> <span class='ocrx_word' id='word_1_206' title='bbox 362 2861 417 2928; x_wconf 84' lang='grc' dir='ltr'><strong><em>καὶ</em></strong></span> <span class='ocrx_word' id='word_1_207' title='bbox 444 2867 522 2942; x_wconf 86' lang='grc' dir='ltr'><strong><em>τοὺς</em></strong></span> <span class='ocrx_word' id='word_1_208' title='bbox 549 2863 778 2949; x_wconf 83' lang='grc' dir='ltr'><strong><em>ἀκοσμοῦντας</em></strong></span> <span class='ocrx_word' id='word_1_209' title='bbox 804 2866 933 2950; x_wconf 79' lang='grc' dir='ltr'><strong><em>κολάζῃ.</em></strong></span> <span class='ocrx_word' id='word_1_210' title='bbox 979 2865 1038 2932; x_wconf 83' lang='grc' dir='ltr'><strong><em>ἐάν</em></strong></span> <span class='ocrx_word' id='word_1_211' title='bbox 1066 2862 1097 2930; x_wconf 79' lang='grc' dir='ltr'><strong><em>δ’</em></strong></span> <span class='ocrx_word' id='word_1_212' title='bbox 1129 2867 1195 2932; x_wconf 86' lang='grc' dir='ltr'><strong><em>ὑπὸ</em></strong></span> 
     </span>
     <span class='ocr_line' id='line_1_26' title="bbox 180 2969 1234 3059; baseline -0.003 -25"><span class='ocrx_word' id='word_1_213' title='bbox 180 2969 285 3053; x_wconf 92' lang='grc' dir='ltr'><strong><em>μάλης</em></strong></span> <span class='ocrx_word' id='word_1_214' title='bbox 308 2971 393 3054; x_wconf 81' lang='grc' dir='ltr'><strong><em>ἔχων</em></strong></span> <span class='ocrx_word' id='word_1_215' title='bbox 415 2970 682 3055; x_wconf 90' lang='grc' dir='ltr'><strong><em>πλακουντάριον</em></strong></span> <span class='ocrx_word' id='word_1_216' title='bbox 711 2969 862 3059; x_wconf 77' lang='grc' dir='ltr'><strong><em>ἐπιτιμᾷς</em></strong></span> <span class='ocrx_word' id='word_1_217' title='bbox 883 2973 1012 3055; x_wconf 80' lang='grc' dir='ltr'><strong><em>ἄλλοις,</em></strong></span> <span class='ocrx_word' id='word_1_218' title='bbox 1039 2971 1104 3058; x_wconf 82' lang='grc' dir='ltr'><strong><em>ἐρῶ</em></strong></span> <span class='ocrx_word' id='word_1_219' title='bbox 1128 2989 1194 3039; x_wconf 88' lang='grc' dir='ltr'><strong><em>σοι·</em></strong></span> <span class='ocrx_word' id='word_1_220' title='bbox 1209 2993 1234 3032; x_wconf 80' lang='lat'><strong><em>25</em></strong></span> 
     </span>
    </p>
   </div>
   <div class='ocr_carea' id='block_1_3' title="bbox 253 3197 510 3268">
    <p class='ocr_par' dir='ltr' id='par_1_8' title="bbox 253 3197 510 3268">
     <span class='ocr_line' id='line_1_27' title="bbox 253 3197 510 3268; baseline 0.008 -18"><span class='ocrx_word' id='word_1_221' title='bbox 253 3197 510 3268; x_wconf 55' lang='grc' dir='ltr'><strong><em>πάππα</em></strong></span> 
     </span>
    </p>
   </div>
   <div class='ocr_carea' id='block_1_4' title="bbox 180 3369 1190 3654">
    <p class='ocr_par' dir='ltr' id='par_1_9' title="bbox 180 3369 1190 3654">
     <span class='ocr_line' id='line_1_28' title="bbox 251 3369 1190 3447; baseline 0.004 -21"><span class='ocrx_word' id='word_1_222' title='bbox 251 3378 268 3426; x_wconf 84' lang='grc'>3</span> <span class='ocrx_word' id='word_1_223' title='bbox 286 3369 403 3444; x_wconf 83' lang='grc' dir='ltr'><strong><em>&lt;εἷνοιι&gt;</em></strong></span> <span class='ocrx_word' id='word_1_224' title='bbox 422 3374 534 3428; x_wconf 77' lang='lat' dir='ltr'><em>addidi:</em></span> <span class='ocrx_word' id='word_1_225' title='bbox 553 3378 618 3444; x_wconf 78' lang='lat' dir='ltr'><strong><em>post</em></strong></span> <span class='ocrx_word' id='word_1_226' title='bbox 636 3371 806 3447; x_wconf 71' lang='grc' dir='ltr'><strong><em>ῥᾳδιουργὸν</em></strong></span> <span class='ocrx_word' id='word_1_227' title='bbox 824 3377 876 3430; x_wconf 73' lang='lat' dir='ltr'><strong><em>im.</em></strong></span> <span class='ocrx_word' id='word_1_228' title='bbox 895 3392 909 3430; x_wconf 82' lang='grc' dir='ltr'><strong><em>ε</em></strong></span> <span class='ocrx_word' id='word_1_229' title='bbox 945 3378 955 3445; x_wconf 77' lang='grc' dir='ltr'><strong><em>ΙΙ</em></strong></span> <span class='ocrx_word' id='word_1_230' title='bbox 992 3380 1007 3429; x_wconf 85' lang='grc'>6</span> <span class='ocrx_word' id='word_1_231' title='bbox 1026 3381 1142 3446; x_wconf 80' lang='grc' dir='ltr'><strong><em>παρεῖχε</em></strong></span> <span class='ocrx_word' id='word_1_232' title='bbox 1159 3377 1190 3431; x_wconf 86' lang='grc' dir='ltr'><strong><em>τὸ</em></strong></span> 
     </span>
     <span class='ocr_line' id='line_1_29' title="bbox 180 3443 1189 3516; baseline 0.004 -18"><span class='ocrx_word' id='word_1_233' title='bbox 180 3443 279 3498; x_wconf 49' lang='grc' dir='ltr'><strong><em>Βούτου·</em></strong></span> <span class='ocrx_word' id='word_1_234' title='bbox 297 3443 487 3513; x_wconf 64' lang='grc' dir='ltr'><strong><em>παρείχετοά</em></strong></span> <span class='ocrx_word' id='word_1_235' title='bbox 524 3445 534 3512; x_wconf 93' lang='grc' dir='ltr'><strong><em>ΙΙ</em></strong></span> <span class='ocrx_word' id='word_1_236' title='bbox 574 3444 684 3510; x_wconf 76' lang='grc' dir='ltr'><strong><em>θίθηις</em></strong></span> <span class='ocrx_word' id='word_1_237' title='bbox 702 3444 737 3498; x_wconf 83' lang='lat' dir='ltr'><strong><em>S:</em></strong></span> <span class='ocrx_word' id='word_1_238' title='bbox 759 3460 828 3500; x_wconf 79' lang='grc' dir='ltr'><strong><em>ονκκ.</em></strong></span> <span class='ocrx_word' id='word_1_239' title='bbox 853 3444 913 3515; x_wconf 77' lang='grc' dir='ltr'><strong><em>Πμλ,</em></strong></span> <span class='ocrx_word' id='word_1_240' title='bbox 932 3463 946 3502; x_wconf 83' lang='grc' dir='ltr'><strong><em>ο</em></strong></span> <span class='ocrx_word' id='word_1_241' title='bbox 965 3447 1022 3502; x_wconf 78' lang='lat' dir='ltr'><strong><em>cod.</em></strong></span> <span class='ocrx_word' id='word_1_242' title='bbox 1059 3449 1069 3514; x_wconf 95' lang='grc' dir='ltr'><strong><em>ΙΙ</em></strong></span> <span class='ocrx_word' id='word_1_243' title='bbox 1106 3452 1138 3501; x_wconf 80' lang='lat'><strong><em>1⁶</em></strong></span> <span class='ocrx_word' id='word_1_244' title='bbox 1157 3467 1189 3516; x_wconf 88' lang='grc' dir='ltr'><strong><em>με</em></strong></span> 
     </span>
     <span class='ocr_line' id='line_1_30' title="bbox 180 3506 1190 3654; baseline 0.006 -89"><span class='ocrx_word' id='word_1_245' title='bbox 180 3506 433 3654; x_wconf 35' lang='grc' dir='ltr'><strong><em>ἐῖιῖοῃξκξῃλῇμ</em></strong></span> <span class='ocrx_word' id='word_1_246' title='bbox 452 3510 481 3582; x_wconf 87' lang='grc' dir='ltr'><strong><em>μ’</em></strong></span> <span class='ocrx_word' id='word_1_247' title='bbox 503 3507 557 3569; x_wconf 71' lang='grc' dir='ltr'><strong><em>ὧν</em></strong></span> <span class='ocrx_word' id='word_1_248' title='bbox 587 3516 597 3581; x_wconf 70' lang='grc' dir='ltr'><strong><em>ΙΙ</em></strong></span> <span class='ocrx_word' id='word_1_249' title='bbox 629 3512 662 3566; x_wconf 92' lang='grc' dir='ltr'><strong><em>σύ</em></strong></span> <span class='ocrx_word' id='word_1_250' title='bbox 680 3511 709 3582; x_wconf 75' lang='grc' dir='ltr'><strong><em>μ’</em></strong></span> <span class='ocrx_word' id='word_1_251' title='bbox 730 3515 776 3574; x_wconf 65' lang='grc' dir='ltr'><strong><em>διε</em></strong></span> <span class='ocrx_word' id='word_1_252' title='bbox 795 3516 829 3568; x_wconf 81' lang='grc' dir='ltr'><strong><em>σύ</em></strong></span> <span class='ocrx_word' id='word_1_253' title='bbox 847 3516 938 3572; x_wconf 67' lang='grc' dir='ltr'><strong><em>καλά</em></strong></span> <span class='ocrx_word' id='word_1_254' title='bbox 966 3520 975 3584; x_wconf 72' lang='lat' dir='ltr'>ss</span> <span class='ocrx_word' id='word_1_255' title='bbox 1008 3522 1040 3571; x_wconf 85' lang='grc'><strong><em>16</em></strong></span> <span class='ocrx_word' id='word_1_256' title='bbox 1060 3516 1190 3586; x_wconf 75' lang='grc' dir='ltr'><strong><em>γινέσθαι</em></strong></span> 
     </span>
    </p>
   </div>
   <div class='ocr_carea' id='block_1_5' title="bbox 0 0 1322 3930">
    <p class='ocr_par' dir='ltr' id='par_1_10' title="bbox 0 0 1322 3930">
     <span class='ocr_line' id='line_1_31' title="bbox 0 0 1322 3930; baseline 0 2"><span class='ocrx_word' id='word_1_257' title='bbox 0 0 1322 3930; x_wconf 95' lang='lat' dir='ltr'><strong><em> </em></strong></span> 
     </span>
    </p>
   </div>
  </div>
 </body>
</html>
