2626 3924
106 234 158 290 (ιν,
172 239 192 289 1,
208 231 323 282 ιεε-ιιε)
395 221 549 275 ΒΙΒΔΙΟΝ
567 223 764 275 ΤΕΤΑΡΤΟΝ.
789 221 828 276 α’.
1052 221 1116 286 341

103 383 485 470 καταφιλοσοφησαντες,
504 382 555 447 ὅτι
573 384 651 458 τοὺς
664 381 862 459 ἀδικοῦντας
878 383 930 448 δεῑ
947 393 1017 460 τοῖς
1036 388 1120 461 ίσοις

103 488 304 573 ἀμύνεσθαι,
327 485 382 553 καί
404 485 608 574 προσθέντες
630 487 681 552 ότι
699 487 831 573 “όφελος
849 490 965 572 ἔσομαι
983 494 1119 565 πολλοῖς

104 595 297 680 ἀνθρώποις
320 595 458 677 σωθείς,
485 591 667 659 ἀποθανὼν
691 589 721 657 δ’
749 589 890 677 οὐδενί,
917 594 949 658 εί
970 591 1021 678 ἀρ’
1051 595 1118 658 ἔδει

105 700 161 764 διὰ
193 700 340 784 τρύγλης
369 697 543 783 ἐκδύντας,
575 697 760 783 ἐξήλθομεν
791 699 843 764 ἀν.
893 696 948 764 καὶ
979 709 1049 775 πῶς
1075 698 1171 766 ἀν168

72 803 322 890 τώφελησαμέν
349 827 437 883 τινας
466 814 532 872 ποῦ
559 805 623 890 γὰρ
651 803 693 869 ἀν
716 806 763 870 ἐτι
787 805 905 889 έμενον
933 803 1068 884 ἐκεῖνος
1096 804 1117 888 ἢ

105 915 141 977 οἳ
161 912 253 988 ὄντες
275 905 359 994 ἦμεν
383 909 554 995 ὠφέλιμοι,
578 905 652 995 οὐχὶ
674 913 760 976 πολὺ
779 915 906 994 μᾶλλον
928 909 1118 977 ἀποθανόν-

103 1040 158 1093 τες
184 1015 226 1081 ἀν
254 1016 307 1082 ὅτε
330 1018 398 1082 ἔδει
427 1015 483 1082 καλ
505 1016 550 1093 ὡς
572 1017 641 1082 ἔδει
664 1017 880 1102 ὠφελησαμεν
903 1015 1117 1103 ἀνθρώπους;

104 1119 161 1187 καὶ
185 1131 251 1187 νῦν
274 1122 475 1209 Σωκράτους
502 1122 733 1199 ἀποθανόντος
757 1118 862 1189 ούθέν
890 1118 990 1206 ἧττον
1017 1122 1038 1206 ἢ
1061 1119 1170 1187 καὶιεσ

103 1233 220 1294 πλείον
243 1226 409 1314 ὠφέλιμός
432 1227 521 1294 ἐστιν
541 1227 732 1314 ἀνθρώποις
750 1229 770 1312 ἡ
790 1232 900 1314 μνήμη
920 1224 969 1294 ὧν
987 1231 1034 1293 ἔτι
1055 1230 1117 1306 ζῶν

59 1356 91 1399 ιο
105 1333 244 1418 ἔπραξεν
266 1333 286 1417 ἢ
310 1329 409 1400 εἶπεν.

175 1443 285 1506 Ταῦτα
317 1437 449 1524 μελέτα,
480 1449 582 1505 ταῦτα
611 1441 652 1506 τὰ
680 1442 844 1524 δόγματα,
875 1441 1013 1515 τούτους
1040 1441 1172 1515 τοὺςιτο

104 1547 241 1628 λόγους,
268 1547 315 1622 ιίς
340 1553 442 1611 ταῦτα
469 1544 580 1631 ἀφόρα
602 1546 641 1610 τὰ
664 1546 927 1631 παραδείγματα,
956 1547 987 1608 εί
1007 1541 1118 1620 θέλεις
1181 1601 1188 1614 ,

105 1649 282 1735 ἐλεύθερος
304 1645 402 1735 εἶναι,
425 1652 457 1715 εί
478 1649 651 1735 ἐπιθυμεῖς
673 1648 744 1715 κατ’
768 1648 863 1728 ἀξίαν
885 1658 946 1715 τοῦ
968 1648 1119 1734 πρύγμα-

21 1815 24 1820 .
104 1779 168 1833 τος.
196 1754 251 1822 καὶ
269 1759 305 1822 τί
318 1760 527 1841 θαυμαστόν,
549 1758 581 1822 εί
597 1763 770 1841 τηλικοῦτο
791 1763 924 1841 πρᾶγμα
946 1755 1168 1820 τοσούτων171

63 1860 161 1927 τεκαὶ
182 1864 384 1946 τηλικούτων
404 1863 488 1949 ὠνης
511 1859 595 1949 ὑπὲρ
614 1871 675 1946 τῆς,
688 1860 905 1947 νομιζομένης
924 1859 1117 1944 ἐλευθερίας

104 1968 226 2051 ταύτης
256 1968 292 2034 οί
319 1965 381 2053 μέν
410 1967 630 2054 ἀπύγγονται,
666 1969 702 2033 οί
731 1964 768 2033 δὲ
799 1968 1118 2054 κατακρημνίζουσιν

106 2072 242 2155 αὑτούς,
272 2075 341 2139 ἐστι
372 2070 402 2138 δ’
429 2074 483 2139 ὅτε
510 2071 565 2139 καὶ
592 2077 705 2150 πόλεις
731 2073 806 2139 ὅλαι
829 2071 1013 2154 ἀπώλοντο,
1035 2068 1172 2157 ῦπέρΠκ

105 2187 163 2263 τῆς
184 2177 349 2263 ἀληθινῆς
370 2177 426 2244 καὶ
449 2178 729 2264 ἀνεπιβουλεύτου
752 2177 808 2245 καὶ
835 2177 1005 2263 ἀσφαλοῦς
1029 2176 1119 2243 ἐλευ-

103 2287 222 2369 θερίας
252 2283 447 2350 ἀπαιτοῦντι
474 2293 520 2374 τῷ
547 2291 617 2371 θεῷ
647 2285 668 2350 δ
695 2283 840 2350 δέδωκεν
864 2284 904 2349 ού
931 2284 1118 2368 καταδύσης

63 2411 91 2452 ω
106 2389 184 2475 οὐχ,
211 2390 256 2467 ὡς
278 2390 423 2456 Πλούτων
445 2389 550 2476 λέγει,
577 2394 765 2475 μελετησεις
793 2387 868 2474 οὐχὶ
891 2385 1119 2472 ἀποθνῄσκειν

105 2497 228 2580 μόνον,
254 2494 339 2562 ἀλλὰ
366 2493 421 2562 καὶ
445 2500 691 2583 στρεβλοῦσθαι
713 2493 768 2561 καὶ
790 2496 928 2581 φεύγειν
950 2489 1006 2556 καὶ
1029 2488 1119 2576 δέρε-

107 2606 187 2666 σθαι
210 2598 386 2666 καὶπάνθ’
408 2600 517 2678 ἀτελῶς
536 2599 734 2667 ἀποδιδόναι
752 2599 942 2686 τάλλότρια;
965 2599 1032 2661 ἔσει
1050 2598 1172 2661 τοί-173

178 2830 211 2880 19
231 2824 265 2879 cf.
279 2825 366 2880 Ench.
384 2831 429 2879 11:
448 2826 479 2879 τί
493 2825 525 2881 δὲ
545 2827 589 2880 σοὶ
607 2826 691 2896 μέλει,
710 2825 759 2880 διὰ
777 2827 808 2879 τί
822 2842 852 2880 σε
867 2824 881 2879 ὁ
898 2824 964 2886 δούς
978 2822 1119 2895 &mitum

178 2901 213 2949 20
223 2911 283 2963 sqq.
303 2894 337 2951 of.
356 2894 428 2949 Plat.
447 2895 551 2951 Phaed.
571 2914 598 2966 p.
615 2903 649 2951 64
659 2913 684 2951 a.

105 3021 321 3030 ———--—

180 3145 193 3193 1
213 3124 482 3213 κάφιλοσοφήσαμεν
500 3141 548 3212 δι,
566 3143 639 3198 ναόν
658 3141 986 3212 κατεφελοσοφήσαμενε
1016 3140 1026 3206 ss
1058 3143 1074 3191 3
1093 3136 1121 3192 εί

105 3209 152 3281 ἀρ’
173 3213 285 3282 scripsi:
309 3209 337 3267 εί
357 3211 458 3282 γὰρδ
495 3213 505 3281 ΙΙ
542 3205 693 3284 4τρόγλης
716 3213 748 3269 8.·
771 3213 889 3274 corn&
978 3208 1118 3279 δέμενον

105 3276 210 3337 ἐκείνοι
227 3284 276 3339 αλιι
294 3300 407 3351 τεκνοις
431 3278 563 3353 έμέλομεν
583 3280 680 3357 ἐκείνῳ
701 3284 728 3339 0.
748 3283 862 3340 Schenkl
888 3285 898 3353 ΙΙ
963 3279 991 3336 οἳ
1008 3281 1119 3350 scripsi:

104 3350 152 3408 *οἱ
168 3352 196 3421 S,
215 3351 242 3408 εί
259 3349 289 3408 οἱ
305 3353 354 3422 Su
372 3350 389 3420 ἢ
410 3351 437 3408 εί
453 3353 605 3410 δαίωαείκε
635 3357 645 3421 ΙΙ
677 3354 827 3426 θμνήμων
845 3354 878 3410 S:
896 3348 984 3424 μνῆμ’
1004 3346 1044 3406 δν
1062 3351 1093 3411 δι
1109 3349 1121 3422 ,Ι

105 3429 139 3478 17
167 3424 269 3487 αύτούς
294 3423 327 3479 S:
355 3440 424 3479 corr.
444 3423 473 3485 80
516 3425 526 3493 ss
575 3430 606 3479 18
625 3425 780 3494 ἀληθεινῆς
803 3425 836 3481 8.·
863 3441 932 3481 corr.
962 3422 990 3483 Sc
1034 3423 1044 3490 ΙΙ
1085 3427 1118 3474 19

105 3493 254 3567 καταθύσῃ
283 3494 315 3554 s„
340 3495 382 3549 ντί
408 3493 455 3554 s,.·
489 3494 648 3568 καταστήσῃ
676 3495 699 3552 S
724 3499 767 3564 (αλ
793 3497 862 3565 vid.)
905 3497 915 3565 Ι
959 3498 994 3549 22
1023 3491 1072 3564 ἐση
1100 3490 1123 3546 S

103 3581 138 3620 m.
157 3580 208 3622 rec.
