<?xml version="1.0" encoding="UTF-8"?>
<!DOCTYPE html PUBLIC "-//W3C//DTD XHTML 1.0 Transitional//EN"
    "http://www.w3.org/TR/xhtml1/DTD/xhtml1-transitional.dtd">
<html xmlns="http://www.w3.org/1999/xhtml" xml:lang="en" lang="en">
 <head>
  <title>
</title>
<meta http-equiv="Content-Type" content="text/html;charset=utf-8" />
  <meta name='ocr-system' content='tesseract 3.04.00' />
  <meta name='ocr-capabilities' content='ocr_page ocr_carea ocr_par ocr_line ocrx_word'/>
</head>
<body>
  <div class='ocr_page' id='page_1' title='image "./dissertationesa00epicgoog/dissertationesa00epicgoog_0400.png"; bbox 0 0 2636 3930; ppageno 0'>
   <div class='ocr_carea' id='block_1_1' title="bbox 133 189 1148 256">
    <p class='ocr_par' dir='ltr' id='par_1_1' title="bbox 133 189 1148 256">
     <span class='ocr_line' id='line_1_1' title="bbox 133 189 1148 256; baseline 0.008 -16"><span class='ocrx_word' id='word_1_1' title='bbox 133 200 189 254; x_wconf 86' lang='lat'>(111,</span> <span class='ocrx_word' id='word_1_2' title='bbox 204 203 237 253; x_wconf 81' lang='grc' dir='ltr'><strong><em>ει,</em></strong></span> <span class='ocrx_word' id='word_1_3' title='bbox 252 201 351 253; x_wconf 76' lang='grc' dir='ltr'><strong><em>ιιο-ιε,</em></strong></span> <span class='ocrx_word' id='word_1_4' title='bbox 366 197 388 248; x_wconf 85' lang='grc' dir='ltr'><strong><em>ε)</em></strong></span> <span class='ocrx_word' id='word_1_5' title='bbox 424 189 578 241; x_wconf 80' lang='grc' dir='ltr'>ΒΙΒΛΙΟΝ</span> <span class='ocrx_word' id='word_1_6' title='bbox 595 191 736 243; x_wconf 80' lang='grc' dir='ltr'><strong>ΤΡΓΓΟΝ.</strong></span> <span class='ocrx_word' id='word_1_7' title='bbox 761 189 820 244; x_wconf 80' lang='grc' dir='ltr'><strong><em>κδ’.</em></strong></span> <span class='ocrx_word' id='word_1_8' title='bbox 840 190 893 245; x_wconf 81' lang='grc' dir='ltr'><strong><em>κε’.</em></strong></span> <span class='ocrx_word' id='word_1_9' title='bbox 1082 193 1148 256; x_wconf 85' lang='grc'><strong><em>305</em></strong></span> 
     </span>
    </p>
   </div>
   <div class='ocr_carea' id='block_1_2' title="bbox 86 347 1201 1605">
    <p class='ocr_par' dir='ltr' id='par_1_2' title="bbox 130 347 1201 759">
     <span class='ocr_line' id='line_1_2' title="bbox 205 347 1201 440; baseline 0.005 -26"><span class='ocrx_word' id='word_1_10' title='bbox 205 352 315 415; x_wconf 85' lang='grc' dir='ltr'><strong><em>Ταῦτα</em></strong></span> <span class='ocrx_word' id='word_1_11' title='bbox 343 351 428 436; x_wconf 81' lang='grc' dir='ltr'><strong><em>ἔχων</em></strong></span> <span class='ocrx_word' id='word_1_12' title='bbox 451 347 503 414; x_wconf 83' lang='grc' dir='ltr'><strong><em>ἀεὶ</em></strong></span> <span class='ocrx_word' id='word_1_13' title='bbox 532 348 569 415; x_wconf 80' lang='grc' dir='ltr'><strong><em>ἐν</em></strong></span> <span class='ocrx_word' id='word_1_14' title='bbox 591 348 684 436; x_wconf 85' lang='grc' dir='ltr'><strong><em>χερσὶ</em></strong></span> <span class='ocrx_word' id='word_1_15' title='bbox 712 349 768 416; x_wconf 82' lang='grc' dir='ltr'><strong><em>καὶ</em></strong></span> <span class='ocrx_word' id='word_1_16' title='bbox 790 355 915 438; x_wconf 83' lang='grc' dir='ltr'><strong><em>τρίβων</em></strong></span> <span class='ocrx_word' id='word_1_17' title='bbox 938 350 1037 430; x_wconf 85' lang='grc' dir='ltr'><strong><em>αὐτὸς</em></strong></span> <span class='ocrx_word' id='word_1_18' title='bbox 1058 355 1201 440; x_wconf 75' lang='grc' dir='ltr'><strong><em>παράίισ</em></strong></span> 
     </span>
     <span class='ocr_line' id='line_1_3' title="bbox 132 453 1148 546; baseline 0.004 -25"><span class='ocrx_word' id='word_1_19' title='bbox 132 463 243 543; x_wconf 73' lang='grc' dir='ltr'><strong><em>σαυτῷ</em></strong></span> <span class='ocrx_word' id='word_1_20' title='bbox 266 453 321 520; x_wconf 85' lang='grc' dir='ltr'><strong><em>καλ</em></strong></span> <span class='ocrx_word' id='word_1_21' title='bbox 344 458 504 543; x_wconf 89' lang='grc' dir='ltr'><strong><em>πρόχειρα</em></strong></span> <span class='ocrx_word' id='word_1_22' title='bbox 526 467 633 522; x_wconf 83' lang='grc' dir='ltr'><strong><em>ποιῶν</em></strong></span> <span class='ocrx_word' id='word_1_23' title='bbox 656 455 814 524; x_wconf 79' lang='grc' dir='ltr'><strong><em>οὐδέποτε</em></strong></span> <span class='ocrx_word' id='word_1_24' title='bbox 839 459 940 546; x_wconf 76' lang='grc' dir='ltr'><strong><em>δεηση</em></strong></span> <span class='ocrx_word' id='word_1_25' title='bbox 963 469 1024 526; x_wconf 89' lang='grc' dir='ltr'><strong><em>τοῦ</em></strong></span> <span class='ocrx_word' id='word_1_26' title='bbox 1044 481 1148 546; x_wconf 89' lang='grc' dir='ltr'><strong><em>παρα-</em></strong></span> 
     </span>
     <span class='ocr_line' id='line_1_4' title="bbox 131 561 1200 653; baseline 0.009 -27"><span class='ocrx_word' id='word_1_27' title='bbox 131 561 361 647; x_wconf 76' lang='grc' dir='ltr'><strong><em>μυθουμένου,</em></strong></span> <span class='ocrx_word' id='word_1_28' title='bbox 385 572 445 629; x_wconf 89' lang='grc' dir='ltr'><strong><em>τοῦ</em></strong></span> <span class='ocrx_word' id='word_1_29' title='bbox 469 561 744 649; x_wconf 81' lang='grc' dir='ltr'><strong><em>ἐπιρρωννύντος.</em></strong></span> <span class='ocrx_word' id='word_1_30' title='bbox 788 563 843 630; x_wconf 86' lang='grc' dir='ltr'><strong><em>καλ</em></strong></span> <span class='ocrx_word' id='word_1_31' title='bbox 862 567 925 652; x_wconf 80' lang='grc' dir='ltr'><strong><em>γὰρ</em></strong></span> <span class='ocrx_word' id='word_1_32' title='bbox 945 568 1082 653; x_wconf 80' lang='grc' dir='ltr'><strong><em>αἰσχρὸν</em></strong></span> <span class='ocrx_word' id='word_1_33' title='bbox 1105 569 1200 636; x_wconf 83' lang='grc' dir='ltr'><strong><em>οὐ116</em></strong></span> 
     </span>
     <span class='ocr_line' id='line_1_5' title="bbox 130 669 1146 759; baseline 0.005 -26"><span class='ocrx_word' id='word_1_34' title='bbox 130 670 169 735; x_wconf 89' lang='grc' dir='ltr'><strong><em>τὸ</em></strong></span> <span class='ocrx_word' id='word_1_35' title='bbox 192 679 313 753; x_wconf 75' lang='grc' dir='ltr'><strong><em>φαγεῖν</em></strong></span> <span class='ocrx_word' id='word_1_36' title='bbox 335 670 379 754; x_wconf 82' lang='grc' dir='ltr'><strong><em>μὴ</em></strong></span> <span class='ocrx_word' id='word_1_37' title='bbox 404 671 503 754; x_wconf 82' lang='grc' dir='ltr'><strong><em>ἔχειν,</em></strong></span> <span class='ocrx_word' id='word_1_38' title='bbox 527 669 611 735; x_wconf 86' lang='grc' dir='ltr'><strong><em>ἀλλά</em></strong></span> <span class='ocrx_word' id='word_1_39' title='bbox 633 673 671 736; x_wconf 91' lang='grc' dir='ltr'><strong><em>τὸ</em></strong></span> <span class='ocrx_word' id='word_1_40' title='bbox 690 673 791 754; x_wconf 81' lang='grc' dir='ltr'><strong><em>λόγον</em></strong></span> <span class='ocrx_word' id='word_1_41' title='bbox 810 671 854 756; x_wconf 78' lang='grc' dir='ltr'><strong><em>μὴ</em></strong></span> <span class='ocrx_word' id='word_1_42' title='bbox 874 674 962 758; x_wconf 85' lang='grc' dir='ltr'><strong><em>ἔχειν</em></strong></span> <span class='ocrx_word' id='word_1_43' title='bbox 980 673 1146 759; x_wconf 83' lang='grc' dir='ltr'><strong><em>ἀρκοῦντα</em></strong></span> 
     </span>
    </p>

    <p class='ocr_par' dir='ltr' id='par_1_3' title="bbox 101 773 1197 1290">
     <span class='ocr_line' id='line_1_6' title="bbox 101 773 1197 867; baseline 0.008 -31"><span class='ocrx_word' id='word_1_44' title='bbox 101 776 215 860; x_wconf 79' lang='grc' dir='ltr'><strong><em>επρὸς</em></strong></span> <span class='ocrx_word' id='word_1_45' title='bbox 237 773 396 859; x_wconf 81' lang='grc' dir='ltr'><em>ἀφοβίαν,</em></span> <span class='ocrx_word' id='word_1_46' title='bbox 419 777 502 861; x_wconf 89' lang='grc' dir='ltr'><strong><em>πρὸς</em></strong></span> <span class='ocrx_word' id='word_1_47' title='bbox 525 774 678 843; x_wconf 77' lang='grc' dir='ltr'><strong><em>ἀλυπίαν.</em></strong></span> <span class='ocrx_word' id='word_1_48' title='bbox 724 776 766 842; x_wconf 83' lang='grc' dir='ltr'><strong><em>ἀν</em></strong></span> <span class='ocrx_word' id='word_1_49' title='bbox 790 774 821 842; x_wconf 76' lang='grc' dir='ltr'><strong><em>δ’</em></strong></span> <span class='ocrx_word' id='word_1_50' title='bbox 843 777 927 855; x_wconf 82' lang='grc' dir='ltr'><strong><em>ἀπαξ</em></strong></span> <span class='ocrx_word' id='word_1_51' title='bbox 946 784 1197 867; x_wconf 75' lang='grc' dir='ltr'><strong><em>περιποιήσηΙικ</em></strong></span> 
     </span>
     <span class='ocr_line' id='line_1_7' title="bbox 131 879 1146 971; baseline 0.004 -25"><span class='ocrx_word' id='word_1_52' title='bbox 131 883 170 947; x_wconf 84' lang='grc' dir='ltr'><strong><em>τὸ</em></strong></span> <span class='ocrx_word' id='word_1_53' title='bbox 193 883 322 947; x_wconf 87' lang='grc' dir='ltr'><strong><em>ἀλυπον</em></strong></span> <span class='ocrx_word' id='word_1_54' title='bbox 344 879 400 947; x_wconf 85' lang='grc' dir='ltr'><strong><em>καλ</em></strong></span> <span class='ocrx_word' id='word_1_55' title='bbox 423 883 570 967; x_wconf 83' lang='grc' dir='ltr'><strong><em>ἀφοβον,</em></strong></span> <span class='ocrx_word' id='word_1_56' title='bbox 598 885 645 948; x_wconf 78' lang='grc' dir='ltr'><strong><em>ἔτι</em></strong></span> <span class='ocrx_word' id='word_1_57' title='bbox 677 901 730 949; x_wconf 89' lang='grc' dir='ltr'><strong><em>σοι</em></strong></span> <span class='ocrx_word' id='word_1_58' title='bbox 753 885 917 970; x_wconf 87' lang='grc' dir='ltr'><strong><em>τύραννος</em></strong></span> <span class='ocrx_word' id='word_1_59' title='bbox 939 887 1030 951; x_wconf 80' lang='grc' dir='ltr'><strong><em>ἔσται</em></strong></span> <span class='ocrx_word' id='word_1_60' title='bbox 1052 908 1103 962; x_wconf 91' lang='grc' dir='ltr'><strong><em>τις</em></strong></span> <span class='ocrx_word' id='word_1_61' title='bbox 1125 886 1146 971; x_wconf 75' lang='grc' dir='ltr'><strong>ἦ</strong></span> 
     </span>
     <span class='ocr_line' id='line_1_8' title="bbox 131 987 1145 1076; baseline 0.003 -23"><span class='ocrx_word' id='word_1_62' title='bbox 131 988 322 1073; x_wconf 79' lang='grc' dir='ltr'><em>δορυφόρος</em></span> <span class='ocrx_word' id='word_1_63' title='bbox 345 988 366 1072; x_wconf 77' lang='grc' dir='ltr'><em>ἣ</em></span> <span class='ocrx_word' id='word_1_64' title='bbox 389 987 611 1075; x_wconf 84' lang='grc' dir='ltr'><strong><em>Καιοαριανολ</em></strong></span> <span class='ocrx_word' id='word_1_65' title='bbox 634 989 655 1074; x_wconf 73' lang='grc' dir='ltr'><em>ἢ</em></span> <span class='ocrx_word' id='word_1_66' title='bbox 678 990 879 1076; x_wconf 79' lang='grc' dir='ltr'><strong><em>ὀρόινατίων</em></strong></span> <span class='ocrx_word' id='word_1_67' title='bbox 902 990 1037 1074; x_wconf 81' lang='grc' dir='ltr'><strong><em>όήξεταί</em></strong></span> <span class='ocrx_word' id='word_1_68' title='bbox 1061 1007 1097 1056; x_wconf 85' lang='grc' dir='ltr'><strong><em>σε</em></strong></span> <span class='ocrx_word' id='word_1_69' title='bbox 1125 991 1145 1076; x_wconf 74' lang='grc' dir='ltr'><em>ἢ</em></span> 
     </span>
     <span class='ocr_line' id='line_1_9' title="bbox 131 1093 1146 1185; baseline 0.003 -25"><span class='ocrx_word' id='word_1_70' title='bbox 131 1095 167 1160; x_wconf 86' lang='grc' dir='ltr'><strong><em>οί</em></strong></span> <span class='ocrx_word' id='word_1_71' title='bbox 187 1093 384 1172; x_wconf 77' lang='grc' dir='ltr'><strong><em>ἐπιθύοντες</em></strong></span> <span class='ocrx_word' id='word_1_72' title='bbox 407 1094 444 1161; x_wconf 81' lang='grc' dir='ltr'><strong><em>ἐν</em></strong></span> <span class='ocrx_word' id='word_1_73' title='bbox 466 1104 512 1183; x_wconf 80' lang='grc' dir='ltr'><strong><em>τῷ</em></strong></span> <span class='ocrx_word' id='word_1_74' title='bbox 530 1099 729 1185; x_wconf 77' lang='grc' dir='ltr'><strong><em>Καπιτωλίῳ</em></strong></span> <span class='ocrx_word' id='word_1_75' title='bbox 750 1095 803 1162; x_wconf 80' lang='grc' dir='ltr'><strong><em>ἐπὶ</em></strong></span> <span class='ocrx_word' id='word_1_76' title='bbox 821 1108 890 1174; x_wconf 79' lang='grc' dir='ltr'><strong><em>τοῖς</em></strong></span> <span class='ocrx_word' id='word_1_77' title='bbox 908 1098 1069 1175; x_wconf 84' lang='grc' dir='ltr'><strong><em>ὀπτικίοις</em></strong></span> <span class='ocrx_word' id='word_1_78' title='bbox 1086 1100 1146 1165; x_wconf 91' lang='grc' dir='ltr'><strong><em>τὸν</em></strong></span> 
     </span>
     <span class='ocr_line' id='line_1_10' title="bbox 129 1202 1196 1290; baseline 0.004 -24"><span class='ocrx_word' id='word_1_79' title='bbox 129 1202 330 1286; x_wconf 80' lang='grc' dir='ltr'><strong><em>τηλικαύτην</em></strong></span> <span class='ocrx_word' id='word_1_80' title='bbox 353 1202 458 1288; x_wconf 79' lang='grc' dir='ltr'><strong><em>ἀρχὴν</em></strong></span> <span class='ocrx_word' id='word_1_81' title='bbox 480 1203 569 1288; x_wconf 82' lang='grc' dir='ltr'><strong><em>παρὰ</em></strong></span> <span class='ocrx_word' id='word_1_82' title='bbox 592 1213 653 1270; x_wconf 79' lang='grc' dir='ltr'><strong><em>τοῦ</em></strong></span> <span class='ocrx_word' id='word_1_83' title='bbox 670 1206 755 1281; x_wconf 88' lang='grc' dir='ltr'><strong><em>Διὸς</em></strong></span> <span class='ocrx_word' id='word_1_84' title='bbox 777 1206 950 1289; x_wconf 70' lang='grc' dir='ltr'><strong><em>εἰληφότας</em></strong></span> <span class='ocrx_word' id='word_1_85' title='bbox 973 1208 1079 1290; x_wconf 90' lang='grc' dir='ltr'><strong><em>μόνον</em></strong></span> <span class='ocrx_word' id='word_1_86' title='bbox 1098 1206 1196 1289; x_wconf 75' lang='grc' dir='ltr'><strong><em>μη118</em></strong></span> 
     </span>
    </p>

    <p class='ocr_par' dir='ltr' id='par_1_4' title="bbox 86 1306 1144 1605">
     <span class='ocr_line' id='line_1_11' title="bbox 86 1306 1144 1400; baseline 0.003 -27"><span class='ocrx_word' id='word_1_87' title='bbox 86 1325 116 1366; x_wconf 80' lang='lat'><strong><em>10</em></strong></span> <span class='ocrx_word' id='word_1_88' title='bbox 130 1310 278 1392; x_wconf 84' lang='grc' dir='ltr'><strong><em>πόμπευε</em></strong></span> <span class='ocrx_word' id='word_1_89' title='bbox 302 1307 406 1391; x_wconf 80' lang='grc' dir='ltr'><strong><em>αὐτὴν</em></strong></span> <span class='ocrx_word' id='word_1_90' title='bbox 429 1306 506 1392; x_wconf 76' lang='grc' dir='ltr'><strong><em>μηδ’</em></strong></span> <span class='ocrx_word' id='word_1_91' title='bbox 534 1307 735 1388; x_wconf 76' lang='grc' dir='ltr'><strong><em>ἀλαζονείαν</em></strong></span> <span class='ocrx_word' id='word_1_92' title='bbox 760 1307 810 1375; x_wconf 80' lang='grc' dir='ltr'><strong><em>ἐπ’</em></strong></span> <span class='ocrx_word' id='word_1_93' title='bbox 836 1309 932 1394; x_wconf 74' lang='grc' dir='ltr'><strong><em>αὐτῇ,</em></strong></span> <span class='ocrx_word' id='word_1_94' title='bbox 959 1307 1031 1376; x_wconf 85' lang='grc' dir='ltr'><strong><em>ἀλλ’</em></strong></span> <span class='ocrx_word' id='word_1_95' title='bbox 1058 1313 1144 1400; x_wconf 78' lang='grc' dir='ltr'><strong><em>ἔργῳ</em></strong></span> 
     </span>
     <span class='ocr_line' id='line_1_12' title="bbox 130 1411 1144 1502; baseline 0.006 -25"><span class='ocrx_word' id='word_1_96' title='bbox 130 1415 262 1478; x_wconf 76' lang='grc' dir='ltr'><strong><em>δείκνυε</em></strong></span> <span class='ocrx_word' id='word_1_97' title='bbox 284 1412 348 1479; x_wconf 86' lang='grc' dir='ltr'><strong><em>κάν</em></strong></span> <span class='ocrx_word' id='word_1_98' title='bbox 370 1411 486 1499; x_wconf 75' lang='grc' dir='ltr'><strong><em>μηδεὶς</em></strong></span> <span class='ocrx_word' id='word_1_99' title='bbox 508 1415 718 1500; x_wconf 77' lang='grc' dir='ltr'><strong><em>αίσθάνηται,</em></strong></span> <span class='ocrx_word' id='word_1_100' title='bbox 742 1414 847 1502; x_wconf 85' lang='grc' dir='ltr'><strong><em>ἀρκοῠ</em></strong></span> <span class='ocrx_word' id='word_1_101' title='bbox 866 1416 964 1492; x_wconf 86' lang='grc' dir='ltr'><strong><em>αὐτὸς</em></strong></span> <span class='ocrx_word' id='word_1_102' title='bbox 982 1416 1144 1499; x_wconf 76' lang='grc' dir='ltr'><strong><em>ὑγιαίνων</em></strong></span> 
     </span>
     <span class='ocr_line' id='line_1_13' title="bbox 128 1518 426 1605; baseline 0 -21"><span class='ocrx_word' id='word_1_103' title='bbox 128 1518 184 1585; x_wconf 80' lang='grc' dir='ltr'><strong><em>καὶ</em></strong></span> <span class='ocrx_word' id='word_1_104' title='bbox 207 1519 426 1605; x_wconf 76' lang='grc' dir='ltr'><strong><em>εὐδαιμονῶν.</em></strong></span> 
     </span>
    </p>
   </div>
   <div class='ocr_carea' id='block_1_3' title="bbox 157 1921 1119 2012">
    <p class='ocr_par' dir='ltr' id='par_1_5' title="bbox 157 1921 1119 2012">
     <span class='ocr_line' id='line_1_14' title="bbox 157 1921 1119 2012; baseline 0 -22"><span class='ocrx_word' id='word_1_105' title='bbox 157 1923 218 1991; x_wconf 90' lang='grc' dir='ltr'><strong><em>κε’.</em></strong></span> <span class='ocrx_word' id='word_1_106' title='bbox 255 1929 362 2012; x_wconf 88' lang='grc' dir='ltr'><strong><em>Πρὸς</em></strong></span> <span class='ocrx_word' id='word_1_107' title='bbox 385 1927 477 2002; x_wconf 86' lang='grc' dir='ltr'><strong><em>τοὺς</em></strong></span> <span class='ocrx_word' id='word_1_108' title='bbox 498 1925 792 2002; x_wconf 77' lang='grc' dir='ltr'><strong><em>ἀποπίπτοντας</em></strong></span> <span class='ocrx_word' id='word_1_109' title='bbox 816 1921 868 1991; x_wconf 84' lang='grc' dir='ltr'><strong><em>ὧν</em></strong></span> <span class='ocrx_word' id='word_1_110' title='bbox 890 1924 1119 2012; x_wconf 78' lang='grc' dir='ltr'><strong><em>προέθεντο.</em></strong></span> 
     </span>
    </p>
   </div>
   <div class='ocr_carea' id='block_1_4' title="bbox 68 2079 1177 2916">
    <p class='ocr_par' dir='ltr' id='par_1_6' title="bbox 88 2079 1177 2383">
     <span class='ocr_line' id='line_1_15' title="bbox 196 2079 1177 2171; baseline 0.001 -22"><span class='ocrx_word' id='word_1_111' title='bbox 196 2083 342 2168; x_wconf 81' lang='grc' dir='ltr'><strong><em>Σκέψαι,</em></strong></span> <span class='ocrx_word' id='word_1_112' title='bbox 371 2079 419 2150; x_wconf 81' lang='grc' dir='ltr'><strong><em>ὧν</em></strong></span> <span class='ocrx_word' id='word_1_113' title='bbox 441 2082 591 2169; x_wconf 72' lang='grc' dir='ltr'><strong><em>προέθου</em></strong></span> <span class='ocrx_word' id='word_1_114' title='bbox 613 2085 811 2171; x_wconf 77' lang='grc' dir='ltr'><strong><em>ἀρχόμενος,</em></strong></span> <span class='ocrx_word' id='word_1_115' title='bbox 838 2089 940 2151; x_wconf 89' lang='grc' dir='ltr'><strong><em>τίνων</em></strong></span> <span class='ocrx_word' id='word_1_116' title='bbox 964 2081 1025 2170; x_wconf 70' lang='grc' dir='ltr'><strong><em>μὲν</em></strong></span> <span class='ocrx_word' id='word_1_117' title='bbox 1050 2084 1177 2170; x_wconf 58' lang='lat' dir='ltr'><em>&amp;uod-1</em></span> 
     </span>
     <span class='ocr_line' id='line_1_16' title="bbox 88 2183 1142 2279; baseline 0.006 -29"><span class='ocrx_word' id='word_1_118' title='bbox 88 2209 115 2251; x_wconf 84' lang='lat'><strong><em>15</em></strong></span> <span class='ocrx_word' id='word_1_119' title='bbox 129 2209 246 2276; x_wconf 87' lang='grc' dir='ltr'><strong><em>τησας,</em></strong></span> <span class='ocrx_word' id='word_1_120' title='bbox 273 2193 376 2256; x_wconf 90' lang='grc' dir='ltr'><strong><em>τίνων</em></strong></span> <span class='ocrx_word' id='word_1_121' title='bbox 404 2187 434 2256; x_wconf 76' lang='grc' dir='ltr'><strong><em>δ’</em></strong></span> <span class='ocrx_word' id='word_1_122' title='bbox 466 2191 524 2274; x_wconf 81' lang='grc' dir='ltr'><strong><em>οό,</em></strong></span> <span class='ocrx_word' id='word_1_123' title='bbox 554 2189 608 2256; x_wconf 86' lang='grc' dir='ltr'><strong><em>καλ</em></strong></span> <span class='ocrx_word' id='word_1_124' title='bbox 636 2202 705 2266; x_wconf 83' lang='grc' dir='ltr'><strong><em>πῶς</em></strong></span> <span class='ocrx_word' id='word_1_125' title='bbox 733 2188 784 2276; x_wconf 79' lang='grc' dir='ltr'><strong><em>ἐφ’</em></strong></span> <span class='ocrx_word' id='word_1_126' title='bbox 812 2183 862 2269; x_wconf 81' lang='grc' dir='ltr'><strong><em>οἷς</em></strong></span> <span class='ocrx_word' id='word_1_127' title='bbox 889 2188 950 2276; x_wconf 77' lang='grc' dir='ltr'><strong><em>μὲν</em></strong></span> <span class='ocrx_word' id='word_1_128' title='bbox 978 2192 1142 2279; x_wconf 78' lang='grc' dir='ltr'><strong><em>εὐφραίνῃ</em></strong></span> 
     </span>
     <span class='ocr_line' id='line_1_17' title="bbox 129 2287 1142 2383; baseline 0.002 -21"><span class='ocrx_word' id='word_1_129' title='bbox 129 2297 476 2383; x_wconf 76' lang='grc' dir='ltr'><strong><em>ἀναμιμνῃσκόμενος,</em></strong></span> <span class='ocrx_word' id='word_1_130' title='bbox 503 2293 554 2381; x_wconf 81' lang='grc' dir='ltr'><strong><em>ἐφ’</em></strong></span> <span class='ocrx_word' id='word_1_131' title='bbox 584 2287 634 2372; x_wconf 82' lang='grc' dir='ltr'><strong><em>οἷς</em></strong></span> <span class='ocrx_word' id='word_1_132' title='bbox 660 2294 692 2361; x_wconf 75' lang='grc' dir='ltr'><strong><em>δ’</em></strong></span> <span class='ocrx_word' id='word_1_133' title='bbox 718 2297 822 2382; x_wconf 81' lang='grc' dir='ltr'><strong><em>ἀχθη,</em></strong></span> <span class='ocrx_word' id='word_1_134' title='bbox 848 2294 904 2362; x_wconf 85' lang='grc' dir='ltr'><strong><em>καὶ</em></strong></span> <span class='ocrx_word' id='word_1_135' title='bbox 933 2299 964 2362; x_wconf 92' lang='grc' dir='ltr'><strong><em>εί</em></strong></span> <span class='ocrx_word' id='word_1_136' title='bbox 986 2299 1142 2382; x_wconf 75' lang='grc' dir='ltr'><strong><em>δυνατόν,</em></strong></span> 
     </span>
    </p>

    <p class='ocr_par' dir='ltr' id='par_1_7' title="bbox 127 2396 1176 2592">
     <span class='ocr_line' id='line_1_18' title="bbox 128 2396 1176 2488; baseline -0.002 -19"><span class='ocrx_word' id='word_1_137' title='bbox 128 2403 274 2488; x_wconf 81' lang='grc' dir='ltr'><strong><em>ἀνάλαβε</em></strong></span> <span class='ocrx_word' id='word_1_138' title='bbox 301 2401 437 2468; x_wconf 75' lang='grc' dir='ltr'><strong><em>κάκεῖνα</em></strong></span> <span class='ocrx_word' id='word_1_139' title='bbox 465 2396 513 2466; x_wconf 82' lang='grc' dir='ltr'><strong><em>ὧν</em></strong></span> <span class='ocrx_word' id='word_1_140' title='bbox 542 2400 740 2478; x_wconf 78' lang='grc' dir='ltr'><strong><em>ἀπώλισθες.</em></strong></span> <span class='ocrx_word' id='word_1_141' title='bbox 786 2402 827 2468; x_wconf 87' lang='grc' dir='ltr'><strong><em>οὐ</em></strong></span> <span class='ocrx_word' id='word_1_142' title='bbox 851 2402 913 2485; x_wconf 76' lang='grc' dir='ltr'><strong><em>γὰρ</em></strong></span> <span class='ocrx_word' id='word_1_143' title='bbox 937 2399 1176 2485; x_wconf 79' lang='grc' dir='ltr'><strong><em>ἀποκνητέονκ</em></strong></span> 
     </span>
     <span class='ocr_line' id='line_1_19' title="bbox 127 2504 1141 2592; baseline -0.005 -16"><span class='ocrx_word' id='word_1_144' title='bbox 127 2512 188 2576; x_wconf 86' lang='grc' dir='ltr'><strong><em>τὸν</em></strong></span> <span class='ocrx_word' id='word_1_145' title='bbox 211 2508 323 2592; x_wconf 81' lang='grc' dir='ltr'><strong><em>ἀγῶνα</em></strong></span> <span class='ocrx_word' id='word_1_146' title='bbox 341 2511 400 2574; x_wconf 87' lang='grc' dir='ltr'><strong><em>τὸν</em></strong></span> <span class='ocrx_word' id='word_1_147' title='bbox 418 2505 575 2592; x_wconf 78' lang='grc' dir='ltr'><strong><em>μέγιστον</em></strong></span> <span class='ocrx_word' id='word_1_148' title='bbox 594 2505 859 2592; x_wconf 76' lang='grc' dir='ltr'><strong><em>ἀγωνιζομένοις,</em></strong></span> <span class='ocrx_word' id='word_1_149' title='bbox 882 2505 966 2571; x_wconf 84' lang='grc' dir='ltr'><strong><em>ἀλλὰ</em></strong></span> <span class='ocrx_word' id='word_1_150' title='bbox 987 2504 1043 2570; x_wconf 82' lang='grc' dir='ltr'><strong><em>καί</em></strong></span> <span class='ocrx_word' id='word_1_151' title='bbox 1060 2511 1141 2590; x_wconf 89' lang='grc' dir='ltr'><strong><em>πλη-</em></strong></span> 
     </span>
    </p>

    <p class='ocr_par' dir='ltr' id='par_1_8' title="bbox 68 2609 1176 2916">
     <span class='ocr_line' id='line_1_20' title="bbox 68 2609 1176 2701; baseline -0.003 -20"><span class='ocrx_word' id='word_1_152' title='bbox 68 2653 70 2656; x_wconf 91' lang='grc'><strong><em>·</em></strong></span> <span class='ocrx_word' id='word_1_153' title='bbox 128 2618 189 2701; x_wconf 82' lang='grc' dir='ltr'><strong><em>γάς</em></strong></span> <span class='ocrx_word' id='word_1_154' title='bbox 216 2613 370 2700; x_wconf 82' lang='grc' dir='ltr'><strong><em>ληπτέον·</em></strong></span> <span class='ocrx_word' id='word_1_155' title='bbox 403 2613 444 2680; x_wconf 86' lang='grc' dir='ltr'><strong><em>οὐ</em></strong></span> <span class='ocrx_word' id='word_1_156' title='bbox 471 2615 534 2700; x_wconf 82' lang='grc' dir='ltr'><strong><em>χάρ</em></strong></span> <span class='ocrx_word' id='word_1_157' title='bbox 564 2609 647 2699; x_wconf 74' lang='grc' dir='ltr'><strong><em>ὑπὲρ</em></strong></span> <span class='ocrx_word' id='word_1_158' title='bbox 676 2614 781 2697; x_wconf 85' lang='grc' dir='ltr'><strong><em>πάλης</em></strong></span> <span class='ocrx_word' id='word_1_159' title='bbox 808 2610 863 2677; x_wconf 85' lang='grc' dir='ltr'><strong><em>καλ</em></strong></span> <span class='ocrx_word' id='word_1_160' title='bbox 890 2614 1094 2698; x_wconf 78' lang='grc' dir='ltr'><strong><em>παγκρατίου</em></strong></span> <span class='ocrx_word' id='word_1_161' title='bbox 1123 2614 1176 2679; x_wconf 77' lang='grc' dir='ltr'><strong><em>όο</em></strong></span> 
     </span>
     <span class='ocr_line' id='line_1_21' title="bbox 87 2715 1141 2806; baseline 0.001 -25"><span class='ocrx_word' id='word_1_162' title='bbox 87 2741 114 2781; x_wconf 82' lang='grc' dir='ltr'><strong><em>ιο</em></strong></span> <span class='ocrx_word' id='word_1_163' title='bbox 129 2719 221 2806; x_wconf 84' lang='grc' dir='ltr'><strong><em>ἀχὼν</em></strong></span> <span class='ocrx_word' id='word_1_164' title='bbox 247 2723 432 2806; x_wconf 88' lang='grc' dir='ltr'><strong><em>πρόκειται,</em></strong></span> <span class='ocrx_word' id='word_1_165' title='bbox 459 2715 500 2786; x_wconf 89' lang='grc' dir='ltr'><strong><em>οὗ</em></strong></span> <span class='ocrx_word' id='word_1_166' title='bbox 527 2717 582 2784; x_wconf 82' lang='grc' dir='ltr'><strong><em>καὶ</em></strong></span> <span class='ocrx_word' id='word_1_167' title='bbox 610 2722 742 2804; x_wconf 84' lang='grc' dir='ltr'><strong><em>τυχόντι</em></strong></span> <span class='ocrx_word' id='word_1_168' title='bbox 770 2715 825 2783; x_wconf 86' lang='grc' dir='ltr'><strong><em>καλ</em></strong></span> <span class='ocrx_word' id='word_1_169' title='bbox 853 2719 897 2802; x_wconf 79' lang='grc' dir='ltr'><strong><em>μὴ</em></strong></span> <span class='ocrx_word' id='word_1_170' title='bbox 927 2720 1061 2803; x_wconf 84' lang='grc' dir='ltr'><strong><em>τυχόντι</em></strong></span> <span class='ocrx_word' id='word_1_171' title='bbox 1092 2717 1141 2796; x_wconf 78' lang='grc' dir='ltr'><strong><em>ἔξ-</em></strong></span> 
     </span>
     <span class='ocr_line' id='line_1_22' title="bbox 128 2819 1141 2916; baseline -0.003 -23"><span class='ocrx_word' id='word_1_172' title='bbox 128 2844 220 2894; x_wconf 92' lang='grc' dir='ltr'><strong><em>εστιν</em></strong></span> <span class='ocrx_word' id='word_1_173' title='bbox 243 2824 304 2912; x_wconf 78' lang='grc' dir='ltr'><strong><em>μὲν</em></strong></span> <span class='ocrx_word' id='word_1_174' title='bbox 326 2829 482 2892; x_wconf 87' lang='grc' dir='ltr'><strong><em>πλείστου</em></strong></span> <span class='ocrx_word' id='word_1_175' title='bbox 506 2824 602 2916; x_wconf 75' lang='grc' dir='ltr'><strong><em>ἀξίῳ,</em></strong></span> <span class='ocrx_word' id='word_1_176' title='bbox 632 2824 735 2904; x_wconf 82' lang='grc' dir='ltr'><strong><em>ἔξεστι</em></strong></span> <span class='ocrx_word' id='word_1_177' title='bbox 764 2820 801 2888; x_wconf 73' lang='grc' dir='ltr'><strong><em>δὲ</em></strong></span> <span class='ocrx_word' id='word_1_178' title='bbox 829 2824 945 2907; x_wconf 79' lang='grc' dir='ltr'><strong><em>ὀλίγον</em></strong></span> <span class='ocrx_word' id='word_1_179' title='bbox 974 2819 1059 2889; x_wconf 87' lang='grc' dir='ltr'><strong><em>είναι</em></strong></span> <span class='ocrx_word' id='word_1_180' title='bbox 1086 2823 1141 2890; x_wconf 84' lang='grc' dir='ltr'><strong><em>καὶ</em></strong></span> 
     </span>
    </p>
   </div>
   <div class='ocr_carea' id='block_1_5' title="bbox 128 3050 1139 3336">
    <p class='ocr_par' dir='ltr' id='par_1_9' title="bbox 201 3050 857 3122">
     <span class='ocr_line' id='line_1_23' title="bbox 201 3050 857 3122; baseline -0.006 -14"><span class='ocrx_word' id='word_1_181' title='bbox 201 3059 233 3109; x_wconf 82' lang='lat'><strong><em>15</em></strong></span> <span class='ocrx_word' id='word_1_182' title='bbox 244 3071 284 3122; x_wconf 82' lang='lat' dir='ltr'><strong><em>sq.</em></strong></span> <span class='ocrx_word' id='word_1_183' title='bbox 304 3053 338 3108; x_wconf 83' lang='lat' dir='ltr'><strong><em>cf.</em></strong></span> <span class='ocrx_word' id='word_1_184' title='bbox 357 3053 445 3107; x_wconf 85' lang='lat' dir='ltr'><strong>Ench.</strong></span> <span class='ocrx_word' id='word_1_185' title='bbox 460 3057 507 3108; x_wconf 79' lang='lat'><strong><em>34:</em></strong></span> <span class='ocrx_word' id='word_1_186' title='bbox 527 3050 623 3108; x_wconf 79' lang='grc' dir='ltr'><strong><em>ἔπειτα</em></strong></span> <span class='ocrx_word' id='word_1_187' title='bbox 642 3050 784 3120; x_wconf 74' lang='grc' dir='ltr'><strong><em>μνήσθητι</em></strong></span> <span class='ocrx_word' id='word_1_188' title='bbox 802 3055 857 3105; x_wconf 88' lang='grc' dir='ltr'><strong><em>κτλ.</em></strong></span> 
     </span>
    </p>

    <p class='ocr_par' dir='ltr' id='par_1_10' title="bbox 128 3119 1139 3336">
     <span class='ocr_line' id='line_1_24' title="bbox 201 3119 1139 3194; baseline -0.003 -15"><span class='ocrx_word' id='word_1_189' title='bbox 201 3131 233 3179; x_wconf 88' lang='lat'><strong><em>19</em></strong></span> <span class='ocrx_word' id='word_1_190' title='bbox 245 3141 306 3193; x_wconf 85' lang='lat' dir='ltr'><strong>sqq.</strong></span> <span class='ocrx_word' id='word_1_191' title='bbox 330 3124 364 3177; x_wconf 81' lang='lat' dir='ltr'><strong><em>cf.</em></strong></span> <span class='ocrx_word' id='word_1_192' title='bbox 389 3123 488 3194; x_wconf 81' lang='lat' dir='ltr'><strong>fragm.</strong></span> <span class='ocrx_word' id='word_1_193' title='bbox 507 3122 625 3178; x_wconf 80' lang='lat' dir='ltr'>XXVIII</span> <span class='ocrx_word' id='word_1_194' title='bbox 644 3122 693 3193; x_wconf 76' lang='lat' dir='ltr'><strong><em>(M.</em></strong></span> <span class='ocrx_word' id='word_1_195' title='bbox 712 3123 776 3178; x_wconf 80' lang='lat' dir='ltr'><strong>Ant.</strong></span> <span class='ocrx_word' id='word_1_196' title='bbox 794 3130 835 3191; x_wconf 89' lang='lat'><strong><em>11,</em></strong></span> <span class='ocrx_word' id='word_1_197' title='bbox 850 3123 909 3190; x_wconf 84' lang='lat'>38):</span> <span class='ocrx_word' id='word_1_198' title='bbox 937 3121 978 3175; x_wconf 84' lang='grc' dir='ltr'><strong><em>Οό</em></strong></span> <span class='ocrx_word' id='word_1_199' title='bbox 1001 3119 1067 3192; x_wconf 77' lang='grc' dir='ltr'><strong><em>περὶ</em></strong></span> <span class='ocrx_word' id='word_1_200' title='bbox 1089 3130 1139 3176; x_wconf 81' lang='grc' dir='ltr'><strong><em>τοῦ</em></strong></span> 
     </span>
     <span class='ocr_line' id='line_1_25' title="bbox 128 3189 1139 3266; baseline -0.005 -16"><span class='ocrx_word' id='word_1_201' title='bbox 128 3195 260 3266; x_wconf 81' lang='grc' dir='ltr'><strong><em>τυχόντος</em></strong></span> <span class='ocrx_word' id='word_1_202' title='bbox 278 3191 337 3263; x_wconf 77' lang='grc' dir='ltr'><strong><em>οὖν,</em></strong></span> <span class='ocrx_word' id='word_1_203' title='bbox 357 3193 412 3264; x_wconf 79' lang='grc' dir='ltr'><strong><em>ἔφη</em></strong></span> <span class='ocrx_word' id='word_1_204' title='bbox 432 3194 458 3262; x_wconf 80' lang='grc' dir='ltr'><strong><em>(ὁ</em></strong></span> <span class='ocrx_word' id='word_1_205' title='bbox 477 3195 654 3263; x_wconf 81' lang='grc' dir='ltr'><strong><em>Επίκτητος),</em></strong></span> <span class='ocrx_word' id='word_1_206' title='bbox 681 3189 756 3248; x_wconf 77' lang='grc' dir='ltr'><strong><em>ἐστὶν</em></strong></span> <span class='ocrx_word' id='word_1_207' title='bbox 775 3192 789 3247; x_wconf 84' lang='grc' dir='ltr'><strong>ὁ</strong></span> <span class='ocrx_word' id='word_1_208' title='bbox 809 3193 899 3263; x_wconf 77' lang='grc' dir='ltr'><strong><em>ἀγόν,</em></strong></span> <span class='ocrx_word' id='word_1_209' title='bbox 919 3190 988 3245; x_wconf 81' lang='grc' dir='ltr'><strong><em>ἀλλὰ</em></strong></span> <span class='ocrx_word' id='word_1_210' title='bbox 1007 3191 1139 3262; x_wconf 76' lang='grc' dir='ltr'><strong><em>περὶτοῦ</em></strong></span> 
     </span>
     <span class='ocr_line' id='line_1_26' title="bbox 128 3263 384 3336; baseline 0 -16"><span class='ocrx_word' id='word_1_211' title='bbox 128 3268 283 3336; x_wconf 74' lang='grc' dir='ltr'><strong><em>μαίνεσθαι</em></strong></span> <span class='ocrx_word' id='word_1_212' title='bbox 301 3263 318 3334; x_wconf 77' lang='grc' dir='ltr'><strong>ἢ</strong></span> <span class='ocrx_word' id='word_1_213' title='bbox 337 3264 384 3336; x_wconf 86' lang='grc' dir='ltr'><strong><em>μή.</em></strong></span> 
     </span>
    </p>
   </div>
   <div class='ocr_carea' id='block_1_6' title="bbox 126 3474 1139 3618">
    <p class='ocr_par' dir='ltr' id='par_1_11' title="bbox 126 3474 1139 3618">
     <span class='ocr_line' id='line_1_27' title="bbox 198 3474 1139 3545; baseline -0.005 -12"><span class='ocrx_word' id='word_1_214' title='bbox 198 3485 215 3533; x_wconf 89' lang='grc'>8</span> <span class='ocrx_word' id='word_1_215' title='bbox 234 3476 356 3539; x_wconf 84' lang='grc' dir='ltr'><strong><em>ὀνικίοις</em></strong></span> <span class='ocrx_word' id='word_1_216' title='bbox 374 3477 422 3541; x_wconf 44' lang='lat' dir='ltr'><strong><em>SM·</em></strong></span> <span class='ocrx_word' id='word_1_217' title='bbox 441 3475 585 3545; x_wconf 86' lang='grc' dir='ltr'><strong><em>ὀπφικίοις</em></strong></span> <span class='ocrx_word' id='word_1_218' title='bbox 605 3476 710 3545; x_wconf 74' lang='lat' dir='ltr'><em>Comes,</em></span> <span class='ocrx_word' id='word_1_219' title='bbox 730 3475 853 3544; x_wconf 84' lang='grc' dir='ltr'><strong><em>ὀψικίοις</em></strong></span> <span class='ocrx_word' id='word_1_220' title='bbox 873 3474 1051 3530; x_wconf 77' lang='grc' dir='ltr'><strong><em>(ίαεακϋοκκο</em></strong></span> <span class='ocrx_word' id='word_1_221' title='bbox 1072 3476 1082 3544; x_wconf 68' lang='grc' dir='ltr'><strong><em>ΙΙ</em></strong></span> <span class='ocrx_word' id='word_1_222' title='bbox 1106 3480 1139 3528; x_wconf 89' lang='grc'><strong><em>14</em></strong></span> 
     </span>
     <span class='ocr_line' id='line_1_28' title="bbox 126 3546 1031 3618; baseline -0.002 -16"><span class='ocrx_word' id='word_1_223' title='bbox 126 3546 202 3610; x_wconf 80' lang='grc' dir='ltr'><strong><em>τίνος</em></strong></span> <span class='ocrx_word' id='word_1_224' title='bbox 220 3549 253 3603; x_wconf 78' lang='lat' dir='ltr'><strong><em>S.-</em></strong></span> <span class='ocrx_word' id='word_1_225' title='bbox 271 3564 373 3604; x_wconf 71' lang='lat' dir='ltr'><strong><em>eorm</em></strong></span> <span class='ocrx_word' id='word_1_226' title='bbox 403 3548 413 3616; x_wconf 87' lang='grc' dir='ltr'><strong><em>ΙΙ</em></strong></span> <span class='ocrx_word' id='word_1_227' title='bbox 445 3552 478 3601; x_wconf 81' lang='grc'><strong><em>15</em></strong></span> <span class='ocrx_word' id='word_1_228' title='bbox 497 3547 548 3618; x_wconf 75' lang='grc' dir='ltr'><strong><em>μὲν</em></strong></span> <span class='ocrx_word' id='word_1_229' title='bbox 568 3548 719 3618; x_wconf 78' lang='grc' dir='ltr'><strong><em>εόφροιίνηι</em></strong></span> <span class='ocrx_word' id='word_1_230' title='bbox 739 3547 762 3604; x_wconf 76' lang='lat' dir='ltr'><strong><em>S</em></strong></span> <span class='ocrx_word' id='word_1_231' title='bbox 776 3548 809 3602; x_wconf 79' lang='grc' dir='ltr'><strong><em>ι’κι</em></strong></span> <span class='ocrx_word' id='word_1_232' title='bbox 826 3561 881 3602; x_wconf 74' lang='lat' dir='ltr'><strong><em>ras.</em></strong></span> <span class='ocrx_word' id='word_1_233' title='bbox 901 3565 920 3601; x_wconf 84' lang='lat' dir='ltr'><strong><em>a</em></strong></span> <span class='ocrx_word' id='word_1_234' title='bbox 936 3563 971 3600; x_wconf 87' lang='grc' dir='ltr'><strong><em>νι.</em></strong></span> <span class='ocrx_word' id='word_1_235' title='bbox 988 3562 1031 3615; x_wconf 78' lang='lat' dir='ltr'><strong><em>pr.</em></strong></span> 
     </span>
    </p>
   </div>
   <div class='ocr_carea' id='block_1_7' title="bbox 180 3639 979 3688">
    <p class='ocr_par' dir='ltr' id='par_1_12' title="bbox 180 3639 979 3688">
     <span class='ocr_line' id='line_1_29' title="bbox 180 3639 979 3688; baseline 0.003 -2"><span class='ocrx_word' id='word_1_236' title='bbox 180 3647 200 3686; x_wconf 79' lang='lat' dir='ltr'><strong><em>II</em></strong></span> <span class='ocrx_word' id='word_1_237' title='bbox 201 3655 323 3688; x_wconf 75' lang='grc' dir='ltr'><strong><em>τττττττττ</em></strong></span> <span class='ocrx_word' id='word_1_238' title='bbox 944 3639 979 3688; x_wconf 79' lang='grc'><strong><em>20</em></strong></span> 
     </span>
    </p>
   </div>
   <div class='ocr_carea' id='block_1_8' title="bbox 0 0 1322 3930">
    <p class='ocr_par' dir='ltr' id='par_1_13' title="bbox 0 0 1322 3930">
     <span class='ocr_line' id='line_1_30' title="bbox 0 0 1322 3930; baseline 0 5"><span class='ocrx_word' id='word_1_239' title='bbox 0 0 1322 3930; x_wconf 95' lang='lat' dir='ltr'><strong><em> </em></strong></span> 
     </span>
    </p>
   </div>
  </div>
 </body>
</html>
