2650 3930
130 223 175 278 (11,
185 228 218 279 ιι,
228 227 315 277 ω-ιι,
326 221 361 273 11)
397 213 551 264 Rumon
568 212 768 266 Δωνεωεοα.
793 212 839 276 ιζ’.
855 211 906 279 ιη’.
1080 211 1143 278 165

131 375 215 440 ὁδὸν
245 380 463 459 περιπατῆσαι
493 371 548 438 καὶ
578 374 653 452 ὄψει
681 383 749 448 πῶς
771 388 834 438 σου
856 373 895 438 τά
920 369 1019 455 σκέλη
1042 394 1145 458 παρα·
1171 439 1172 445 ,

131 481 254 546 λύεται.
308 481 459 546 καθόλου
491 473 553 544 οὖν
585 485 619 543 εί
650 502 682 543 τι
711 489 820 544 ποιεῖν
853 476 973 564 ἐθέλῃς
1006 474 1181 561 ἑκτικόν,4

130 589 221 652 ποίει
248 585 345 651 αὐτό·
374 591 410 651 εί
431 609 463 650 τι
490 585 535 668 μὴ
561 596 672 651 ποιεῖν
699 582 835 669 ἐθέλῃς,
867 586 912 668 μή
943 588 1031 650 ποίει
1054 583 1147 666 αὐτό,

131 689 205 757 ἀλλ’
229 693 349 757 ἐθισον
370 691 451 757 ἀλλο
474 715 506 757 τι
524 691 679 776 προίττειν
698 694 824 774 μᾶλλον
842 686 913 756 ἀντ’
937 690 1049 755 αὐτοῦ.
1092 689 1182 755 οὕ-ιι

103 819 117 859 5
131 822 197 875 τως
216 800 282 882 ἔχει
300 795 356 863 καὶ
370 795 422 862 ἐπλ
437 807 503 862 τῶν
516 807 680 882 ψυχικῶν·
701 797 781 862 ὅταν
796 795 969 881 ὀργισθῇς,
987 799 1148 879 γίγνωσκε

133 905 186 970 ὅτι
213 905 255 970 οὐ
278 907 385 988 μόνον
408 920 462 970 σοι
488 911 587 970 τοῦτο
610 900 748 987 γέγονεν
770 904 890 984 κακόν,
918 897 990 966 ἀλλ’
1016 899 1067 964 ὅτι
1094 899 1149 967 καὶ

132 1011 197 1092 τὴν
226 1008 296 1088 ἕξιν
324 1008 470 1094 ηὔξησας
497 1006 552 1074 καλ
585 1009 630 1085 ὡς
660 1006 741 1094 πυρὶ
772 1009 927 1093 φρύγανα
958 1005 1149 1092 παρέβαλες.

135 1115 216 1181 ὅταν
239 1115 386 1200 ήττηθῃς
407 1138 498 1191 τινος
520 1112 557 1179 ἐν
581 1116 760 1200 συνουσία,
786 1115 831 1198 μή
859 1114 920 1197 τήν
944 1113 1023 1196 μίαν
1046 1106 1148 1194 ήτταυ
1167 1129 1182 1177 6

134 1221 260 1304 ταύτην
283 1222 428 1304 λογίζου,
450 1217 522 1285 ἀλλ’
546 1219 596 1284 ὅτι
619 1217 754 1302 καλιήν
777 1217 941 1303 ἀκρασίαν
960 1233 1021 1284 σου
1039 1214 1149 1303 τέτρο-

94 1348 121 1387 10
135 1349 217 1410 φας,
240 1323 432 1408 ἐκηύξησας.
478 1324 646 1390 ἀδύνατον
668 1325 732 1410 γὰρ
759 1324 823 1391 ἀπὸ
846 1334 914 1389 τῶν
936 1326 1184 1406 καταλλήλωνι

136 1434 247 1516 ἔργων
271 1433 316 1515 μή
338 1428 394 1496 καλ
417 1431 474 1508 τὰς
497 1429 579 1509 ἕξεις
601 1428 733 1507 καὶτὰς
756 1430 914 1514 δυνάμεις
936 1431 993 1506 τὰς
1015 1427 1076 1513 μὲν
1095 1427 1150 1515 ἐμ-

135 1539 286 1622 φύεσθαι
307 1539 352 1621 μή
375 1539 538 1621 πρότερον
562 1536 678 1618 οὔσας,
707 1537 764 1612 τὰς
791 1533 821 1600 δ’
849 1535 1072 1600 ἐπιτείνεσθαι
1095 1533 1150 1600 καὶ

138 1645 436 1728 ίσχυροποιείσθαι.

206 1747 321 1825 Οὕτως
356 1746 469 1831 ἀμέλει
504 1745 560 1812 καὶ
594 1747 634 1812 τά
666 1747 905 1833 ἀρρωστήματα
936 1747 1185 1831 ὑποφύεσθαιε

97 1873 123 1914 15
137 1853 295 1938 λέγουσιν
322 1853 357 1918 οί
381 1856 570 1939 φιλόσοφοι.
621 1853 700 1918 ὅταν
731 1854 795 1937 γὰρ
827 1853 911 1931 ἅπαξ
944 1852 1151 1938 ἐπιθυμήσῃς

136 1959 313 2047 ἀργυρίου,
341 1958 383 2024 ἀν
406 1953 468 2043 μέν
489 1964 664 2044 προσαχθῃ
689 1961 787 2042 λόγος
809 1960 858 2036 είς
881 1965 1039 2045 αἴσθησιν
1063 1957 1151 2037 ἀξων

137 2075 198 2132 τοῦ
222 2074 336 2147 κακοῦ,
359 2063 615 2148 πίπαυταίτεή
635 2063 870 2149 ἐπιθυμίαικαὶ
892 2067 929 2131 τὸ
951 2065 1151 2150 ήγεμονικὸν

137 2171 232 2256 ήμῶν
254 2173 302 2248 είς
324 2173 361 2238 τὸ
385 2169 521 2255 ἐξαρχῆς
543 2169 760 2256 ἀποκατέστη·
785 2171 844 2237 ἐὰν
865 2168 903 2237 δέ
925 2169 1030 2256 μηδὲν
1048 2189 1184 2256 προσ-9

137 2278 265 2363 αγιίγῃς
281 2279 329 2354 είς
346 2279 540 2361 θεραπείαν,
559 2274 670 2341 οὐκέτι
688 2278 735 2353 είς
752 2277 855 2342 ταύτὰ
869 2277 1049 2361 ἐπάνεισιν,
1068 2277 1151 2343 ἀλλὰ

97 2407 124 2446 ιο
137 2383 240 2450 πάλιν
262 2378 439 2468 ἐρεθισθέν
461 2381 526 2447 ὑπὸ
550 2390 607 2465 τῆς
635 2385 843 2468 καταλλήλου
866 2386 1049 2466 φαντασίας
1070 2388 1152 2449 θᾶτ-

138 2513 198 2556 τον
223 2487 287 2573 <ή>
309 2491 472 2573 πρότερον
501 2486 630 2572 ἐξήφθη
657 2489 740 2572 πρὸς
767 2488 828 2570 τήν
859 2486 1051 2570 ἐπιθυμιάυ.
1096 2485 1151 2552 καὶ

138 2596 261 2662 τούτου
292 2605 438 2683 συνεχως
475 2591 654 2678 γινομένου
689 2598 845 2659 τυλοῢται
877 2594 995 2658 λοιπὸν
1027 2590 1082 2658 καλ
1113 2595 1151 2659 τὸ

138 2700 340 2786 ἀρρώστημα
361 2703 494 2784 βεβαιοῖ
513 2701 575 2784 τήν
595 2702 826 2785 φιλαργυρίαν.
873 2698 891 2765 ὁ
915 2700 978 2784 γάρ
1000 2698 1151 2785 πυρέξας,
1173 2718 1204 2766 10

139 2802 210 2872 εἶτα
232 2807 442 2891 παυσάμενος
464 2805 525 2890 οὐχ
548 2805 671 2891 ὁμοίως
693 2808 759 2892 ἔχει
778 2815 823 2893 τῷ
841 2808 906 2891 πρὸ
925 2815 984 2872 τοῦ
1002 2804 1151 2891 πυρέξαι,

99 2935 124 2974 ω
140 2913 183 2978 ἀν
206 2914 252 2997 μή
274 2936 306 2978 τι
329 2918 525 2998 θεραπευθῃ
549 2914 596 2990 είς
621 2914 718 2978 ίίπαν.
768 2913 920 2978 τοιοῦτόν
942 2935 974 2977 τι
1011 2909 1065 2978 καλ
1098 2911 1151 2978 ἐπὶ
1172 2931 1203 2978 11

139 3030 207 3085 τῶν
230 3027 288 3102 τής
310 3027 417 3104 ψυῃής
438 3023 559 3083 παθῶν
582 3022 719 3101 γίνεται.
764 3023 838 3103 ίῃνη
862 3019 937 3083 τινὰ
959 3017 1015 3084 καί
1037 3019 1151 3102 μώλω-

140 3148 200 3202 πες
223 3123 457 3190 ἀπολείπονται
490 3122 526 3188 ἐν
559 3123 658 3210 αὐτῇ,
691 3123 749 3201 οὓς
780 3124 811 3188 εί
841 3126 885 3207 μή
917 3147 966 3200 τις
998 3124 1151 3210 ἐξαλείψῃ

140 3236 264 3314 καλῶς,
299 3229 400 3295 πάλιν
432 3229 513 3295 κατὰ
550 3240 617 3296 τῶν
648 3229 758 3295 αὐτῶν
790 3228 1011 3313 μαστιγωθεὶς
1042 3228 1151 3297 οὐκέτι

140 3393 354 3402 ——-

214 3499 247 3547 16
266 3494 353 3558 ἀξιῶν
372 3491 404 3548 S:
422 3508 492 3547 corr.
516 3491 597 3557 Wolf
618 3495 627 3559 ΙΙ
657 3497 688 3544 19
708 3499 796 3546 ταῦτα
810 3492 843 3548 S:
861 3509 929 3547 οων.
949 3492 1129 3560 θλαήίωοκνγ
1143 3493 1153 3563 ή

141 3569 175 3617 21
197 3561 257 3636 (ἢ)
276 3567 328 3617 im.
349 3562 379 3622 δι
410 3565 420 3631 ll
447 3569 480 3616 27
496 3558 682 3617 ἀπολίπονται
701 3563 734 3618 S.-
756 3579 825 3619 corr.
844 3563 876 3624 Sa
904 3566 914 3631 ΙΙ
946 3557 1087 3631 ἐξαλείφει
1106 3563 1134 3623 Β.
