2630 3928
107 188 137 242 (1,
152 193 173 242 4,
189 187 278 237 ιν-ει)
422 179 575 231 ΒΙΒΛΙΟΝ
593 177 751 233 ΠΡΩΤΟΝ.
777 176 817 231 δ’.
1082 177 1122 242 17

107 337 165 404 ἐπὶ
196 340 256 423 τὴν
284 339 478 423 προαίρεσιν
509 335 726 424 ἐπέστραπται
757 339 819 422 τὴν
851 339 969 424 αὐτοῦ,
1001 339 1124 424 ταύτην

107 445 346 530 ἐξεργάζεσθαι
368 443 423 510 καὶ
440 443 606 527 ἐκπονεῖν,
629 445 711 510 ὥστε
730 445 912 530 σύμφωνον
931 443 1124 512 ἀποτελέσαι

88 545 150 636 ’τῇ
176 553 287 636 φύσει,
309 549 442 635 ὑψηλὴν
470 549 651 632 ἐλευθέραν
682 543 853 618 ἀκώλυτον
881 550 1124 636 ἀνεμπόδιστον

107 660 235 741 πιστὴν
258 658 437 741 αίδήμονα·
460 654 651 742 μεμάθηκόν
669 681 714 742 τε,
734 657 785 722 ὅτι
803 657 820 724 6
840 659 879 723 τὰ
897 659 941 742 μὴ
961 654 1011 742 ἐφ’
1035 658 1124 746 αὑτῷ
1146 677 1176 725 19

77 771 234 832 ιποθῶν
271 762 292 847 ἣ
325 764 460 847 φεύγων
497 764 574 830 ούτε
612 767 727 841 πιστὸς
758 759 844 830 εἶναι
875 765 1015 830 δύναται
1051 763 1120 832 οὔτ’
1192 773 1196 779 ’

111 871 308 954 ἐλεύθερος,
335 865 407 934 ἀλλ’
434 869 560 954 ἀνάγκη
589 874 800 955 μεταπίπτειν
826 869 881 936 καὶ
904 875 1125 958 μεταρριπίζε-

112 984 197 1042 σθαι
221 977 287 1060 ἅμα
311 976 526 1055 ἐκείνωςκαὶ
549 977 662 1061 αὐτόν,
685 976 812 1062 ἀνάγκη
833 973 870 1043 δὲ
891 975 946 1044 καὶ
969 979 1124 1044 ὑποτετα-

112 1083 208 1170 χέναι
231 1085 343 1161 ἀλλοις
365 1081 498 1167 ἑαυτόν,
519 1095 589 1160 τοῖς
612 1082 720 1150 ἐκεῖνα
741 1094 924 1167 περιποιεῖν
943 1084 963 1169 ἢ
982 1087 1138 1151 κωλύειν,

113 1189 327 1274 δυναμένοις·
345 1187 400 1255 καὶ
419 1193 537 1256 λοιπὸν
556 1190 664 1256 ἕωθεν
683 1190 899 1276 ἀνιστάμενος
916 1200 1018 1256 ταῦτα
1032 1204 1127 1276 τηρεῖ
1143 1210 1177 1259 20

67 1325 97 1364 ιο
112 1294 171 1362 καὶ
194 1297 367 1381 φυλάσσει,
397 1298 530 1362 λούεται
552 1296 597 1373 ὡς
619 1299 744 1380 πιστός,
767 1297 812 1374 ὡς
834 1299 985 1382 αίδημων
1008 1297 1126 1383 ἐσθίει,
1243 1345 1250 1364 .

112 1404 272 1480 ὡσαύτως
303 1401 357 1468 ἐπὶ
390 1412 448 1486 τῆς
475 1401 526 1468 ἀεί
552 1403 824 1487 παραπιπτούσης
850 1403 932 1488 ύλης
958 1405 997 1470 τά
1024 1425 1125 1491 προη·

112 1511 261 1594 γούμενα
285 1507 447 1593 ἐκπονῶν,
469 1509 514 1586 ὡς’
538 1508 555 1575 6
581 1511 723 1592 δρομεὺς
742 1511 905 1594 δρομικῶς
928 1509 982 1577 καὶ
1009 1511 1026 1578 6
1056 1535 1125 1594 φω-

111 1618 236 1692 νασκὸς
265 1609 494 1701 φωνασκικῶς·
526 1611 624 1692 οὗτός
656 1614 746 1680 ἐστιν
779 1615 796 1680 ὁ
829 1619 1023 1700 προκόπτων
1054 1629 1125 1694 ταῖς
1143 1636 1176 1682 ει

112 1721 288 1804 ἀληθείαις
304 1719 369 1785 Ικαὶ
398 1721 415 1788 6
444 1723 488 1805 μη
516 1723 587 1804 είκη
617 1719 876 1804 ἀποδεδημηκὼς
906 1717 1002 1800 οὗτός
1025 1722 1124 1788 ἐστιν.
1215 1707 1219 1713 ’

70 1856 97 1894 15
112 1831 145 1893 εί
169 1825 199 1892 δ’
222 1825 276 1892 ἐπὶ
298 1829 359 1911 την
378 1826 415 1892 ἐν
433 1839 502 1903 τοῖς
524 1831 666 1911 βιβλίοις
688 1825 758 1904 ἕξιν
776 1824 904 1892 τέταται
926 1826 981 1893 καὶ
1002 1831 1125 1913 ταύτην
1144 1849 1177 1896 22

112 1934 250 1999 ίκπονεῖ
270 1932 326 1998 καί
344 1932 513 1999 ἐπὶτοῦτο
533 1921 744 2017 ε’κδεδημηκε,
768 1929 852 2016 λέγω
864 1933 959 2027 αὐτῷ
980 1934 1125 2002 αύτόθεν

111 2041 317 2124 πορεύεσθαι
340 2043 388 2116 είς
411 2035 504 2105 οἷκον
526 2037 581 2104 καὶ
605 2039 648 2123 μὴ
669 2037 803 2122 ἀμελεῖν
826 2051 893 2105 τῶν
918 2039 997 2107 ἐκεῖ·
1026 2052 1124 2109 τοῦτο
1144 2061 1177 2110 23

111 2149 178 2232 γὰρ
209 2144 259 2232 ἐφ’
298 2146 316 2211 δ
346 2145 598 2230 άποδεδήμηκεν
628 2144 729 2210 οὐδέν
760 2144 877 2220 ἐστιν,
897 2145 968 2213 ἀλλ’
1007 2148 1124 2235 ἐκεῖνο,

111 2257 254 2338 μελετᾶν
286 2251 408 2329 ἐξελεῖν
435 2261 496 2316 τοῦ
525 2251 627 2316 αὐτοῦ
655 2254 731 2334 βίου
755 2251 864 2336 πένθη
893 2251 947 2317 καὶ
980 2256 1125 2339 οίμωγάς

71 2388 98 2424 20
111 2356 169 2426 καὶ
192 2359 275 2444 <τὸ>
300 2358 412 2442 ὀίμοί
431 2356 486 2423 καί
509 2360 546 2424 τὸ
566 2357 676 2434 (τάλας
699 2355 776 2440 ἐμόν’
794 2355 850 2423 καὶ
871 2360 1052 2444 δυστυχίαν
1070 2359 1125 2426 καὶ

111 2466 253 2550 ἀτυχίαν
289 2463 345 2530 καὶ
377 2470 515 2550 μαθεῖν,
546 2469 580 2530 τί
607 2463 675 2529 ἐστι
707 2464 868 2548 θάνατος,
900 2469 935 2530 τί
953 2468 1061 2550 φυγή,
1093 2471 1128 2532 τί
1143 2487 1178 2535 24

111 2574 352 2656 δεσμωτήριον,
370 2577 405 2637 τί
421 2572 650 2655 γνοσκύνιον,
669 2572 725 2636 ἵνα
744 2573 883 2655 δύνηται
902 2570 1010 2655 λέγειν
1030 2572 1066 2638 ἐν
1084 2583 1123 2660 τῇ

110 2684 245 2764 φυλακῇ
279 2673 321 2742 ‘6
353 2680 442 2761 φίλε
476 2680 650 2761 Κρίτων,
680 2679 717 2742 εί
747 2679 867 2764 ταύτη
899 2689 981 2756 τοῖς
1012 2686 1125 2758 θεοῖς

185 2876 219 2924 21
240 2869 274 2924 ef.
293 2849 381 2923 Ench.
400 2874 448 2923 21:
474 2868 602 2932 Θάνατος
624 2868 673 2923 καὶ
697 2869 771 2938 φυγὴ
796 2868 845 2924 καὶ
870 2869 964 2924 πάντα
987 2870 1022 2925 τά
1040 2873 1122 2927 δεινά
1144 2911 1146 2918 -

112 2940 275 3011 φαινόμενα
293 2941 347 3012 πρὸ
367 2940 526 3011 ὀφθαλμῶν
546 2938 613 2994 ἔστω
632 2957 676 2994 σοι
694 2937 765 2994 καθ’
788 2939 904 3010 ἡμέραν.

185 3021 219 3068 23
239 3011 366 3066 Platonis
386 3011 451 3068 Criu
471 3032 496 3080 p.
512 3012 583 3080 43d3
603 3011 689 3066 Ench.
705 3017 747 3078 53,
764 3018 788 3065 3.

188 3192 304 3246 Ιαὺτοῦ
324 3190 353 3252 δ’,
383 3191 392 3259 ΙΙ
420 3189 522 3246 ῖάοτε
542 3189 622 3256 δίον
640 3192 739 3245 ι’κναε.
754 3191 830 3252 οδε)
861 3194 870 3260 ΙΙ
902 3192 988 3245 αύτῶι
1007 3192 1042 3248 δέ
1055 3210 1123 3250 σοιν.

112 3298 147 3359 8»
177 3300 188 3368 η
220 3279 481 3367 6μετάριπίζεοθαι
499 3296 521 3354 S
539 3297 607 3364 (fuit
625 3293 742 3366 μετάᾷ),
760 3315 828 3354 corr.
844 3297 875 3360 Sd
903 3299 912 3366 ss
945 3305 977 3352 19
992 3306 1078 3367 μετοῖν
1093 3299 1126 3356 S:

113 3421 183 3460 ιιι.
198 3404 227 3464 α
258 3407 267 3472 η
298 3409 333 3458 ιο
352 3403 426 3478 <ιι>
445 3406 497 3459 ιιι.
517 3403 600 3459 ωιι.
632 3406 641 3472 η
673 3401 748 3473 αμα
766 3404 812 3466 ω·
832 3386 907 3473 ιῖμιι
925 3404 967 3472 τη
998 3393 1031 3458 ω’
1052 3407 1125 3462 locus

112 3478 191 3532 varie
213 3477 352 3530 emendasti
375 3481 476 3545 potest:
501 3476 531 3529 τί
546 3473 656 3548 νόσ<ος,
680 3475 728 3547 τί)
752 3477 870 3530 κύνειον
897 3477 938 3530 vel
960 3477 990 3528 τί
1010 3492 1126 3530 νοσοκο-

114 3553 194 3616 μεῖον
215 3545 408 3616 (νοσοκόμιον)·
422 3548 537 3628 οοιοίαοίςΙ
556 3547 586 3600 τί
601 3546 718 3600 κώνειον
736 3548 778 3602 vel
795 3548 826 3599 τί
840 3546 871 3600 τό
890 3547 1007 3600 κώνειον
1025 3563 1039 3600 s

168 3645 313 3686 Enumvs.
950 3640 965 3686 2
