<?xml version="1.0" encoding="UTF-8"?>
<!DOCTYPE html PUBLIC "-//W3C//DTD XHTML 1.0 Transitional//EN"
    "http://www.w3.org/TR/xhtml1/DTD/xhtml1-transitional.dtd">
<html xmlns="http://www.w3.org/1999/xhtml" xml:lang="en" lang="en">
 <head>
  <title>
</title>
<meta http-equiv="Content-Type" content="text/html;charset=utf-8" />
  <meta name='ocr-system' content='tesseract 3.04.00' />
  <meta name='ocr-capabilities' content='ocr_page ocr_carea ocr_par ocr_line ocrx_word'/>
</head>
<body>
  <div class='ocr_page' id='page_1' title='image "./dissertationesa00epicgoog/dissertationesa00epicgoog_0492.png"; bbox 0 0 2626 3924; ppageno 0'>
   <div class='ocr_carea' id='block_1_1' title="bbox 122 226 1144 297">
    <p class='ocr_par' dir='ltr' id='par_1_1' title="bbox 122 226 1144 297">
     <span class='ocr_line' id='line_1_1' title="bbox 122 226 1144 297; baseline 0.013 -17"><span class='ocrx_word' id='word_1_1' title='bbox 122 234 176 291; x_wconf 76' lang='lat' dir='ltr'><strong><em>(w,</em></strong></span> <span class='ocrx_word' id='word_1_2' title='bbox 190 239 210 290; x_wconf 74' lang='lat' dir='ltr'><strong><em>a,</em></strong></span> <span class='ocrx_word' id='word_1_3' title='bbox 224 234 300 285; x_wconf 76' lang='grc' dir='ltr'><strong><em>ι-ιο</em></strong></span> <span class='ocrx_word' id='word_1_4' title='bbox 412 226 567 278; x_wconf 63' lang='lat' dir='ltr'>Rumon</span> <span class='ocrx_word' id='word_1_5' title='bbox 584 227 782 283; x_wconf 69' lang='grc' dir='ltr'><strong><em>Τουεαυοα.</em></strong></span> <span class='ocrx_word' id='word_1_6' title='bbox 801 227 841 297; x_wconf 75' lang='grc' dir='ltr'><strong><em>η’.</em></strong></span> <span class='ocrx_word' id='word_1_7' title='bbox 1076 228 1144 294; x_wconf 78' lang='grc'><strong><em>375</em></strong></span> 
     </span>
    </p>
   </div>
   <div class='ocr_carea' id='block_1_2' title="bbox 76 385 1305 3232">
    <p class='ocr_par' dir='ltr' id='par_1_2' title="bbox 120 385 1178 794">
     <span class='ocr_line' id='line_1_2' title="bbox 124 385 1178 476; baseline 0.005 -24"><span class='ocrx_word' id='word_1_8' title='bbox 124 387 203 469; x_wconf 82' lang='grc' dir='ltr'><strong><em>[ότι]</em></strong></span> <span class='ocrx_word' id='word_1_9' title='bbox 238 387 300 452; x_wconf 85' lang='grc' dir='ltr'><strong><em>οὐκ</em></strong></span> <span class='ocrx_word' id='word_1_10' title='bbox 327 388 395 454; x_wconf 81' lang='grc' dir='ltr'><strong><em>ἔστι</em></strong></span> <span class='ocrx_word' id='word_1_11' title='bbox 430 386 608 471; x_wconf 69' lang='grc' dir='ltr'><strong><em>μουσικός.</em></strong></span> <span class='ocrx_word' id='word_1_12' title='bbox 659 385 712 454; x_wconf 82' lang='grc' dir='ltr'><strong><em>ἐπὶ</em></strong></span> <span class='ocrx_word' id='word_1_13' title='bbox 745 392 946 476; x_wconf 80' lang='grc' dir='ltr'><strong><em>φιλοσοφίας</em></strong></span> <span class='ocrx_word' id='word_1_14' title='bbox 973 388 1011 456; x_wconf 76' lang='grc' dir='ltr'><strong><em>ἀὲ</em></strong></span> <span class='ocrx_word' id='word_1_15' title='bbox 1038 393 1178 476; x_wconf 76' lang='grc' dir='ltr'><strong><em>μόνηςν</em></strong></span> 
     </span>
     <span class='ocr_line' id='line_1_3' title="bbox 120 492 1144 582; baseline 0.004 -24"><span class='ocrx_word' id='word_1_16' title='bbox 120 502 222 560; x_wconf 86' lang='grc' dir='ltr'><strong><em>τοῦτο</em></strong></span> <span class='ocrx_word' id='word_1_17' title='bbox 245 492 445 578; x_wconf 77' lang='grc' dir='ltr'><strong><em>πάσχουσιν·</em></strong></span> <span class='ocrx_word' id='word_1_18' title='bbox 470 493 550 559; x_wconf 86' lang='grc' dir='ltr'><strong><em>όταν</em></strong></span> <span class='ocrx_word' id='word_1_19' title='bbox 572 495 648 559; x_wconf 87' lang='grc' dir='ltr'><strong><em>τινά</em></strong></span> <span class='ocrx_word' id='word_1_20' title='bbox 672 496 768 560; x_wconf 80' lang='grc' dir='ltr'><strong><em>ίάωσι</em></strong></span> <span class='ocrx_word' id='word_1_21' title='bbox 786 497 875 582; x_wconf 83' lang='grc' dir='ltr'><strong><em>παρά</em></strong></span> <span class='ocrx_word' id='word_1_22' title='bbox 893 499 931 564; x_wconf 86' lang='grc' dir='ltr'><strong><em>τὸ</em></strong></span> <span class='ocrx_word' id='word_1_23' title='bbox 952 495 1144 581; x_wconf 77' lang='grc' dir='ltr'><em>ἐπάγγελμα</em></span> 
     </span>
     <span class='ocr_line' id='line_1_4' title="bbox 122 600 1144 692; baseline 0.005 -28"><span class='ocrx_word' id='word_1_24' title='bbox 122 601 161 664; x_wconf 92' lang='grc' dir='ltr'><strong><em>τὸ</em></strong></span> <span class='ocrx_word' id='word_1_25' title='bbox 194 609 254 664; x_wconf 88' lang='grc' dir='ltr'><strong><em>τοῦ</em></strong></span> <span class='ocrx_word' id='word_1_26' title='bbox 286 602 476 684; x_wconf 81' lang='grc' dir='ltr'><strong><em>φιλοσόφου</em></strong></span> <span class='ocrx_word' id='word_1_27' title='bbox 507 609 684 684; x_wconf 86' lang='grc' dir='ltr'><strong><em>ποιοῦντα,</em></strong></span> <span class='ocrx_word' id='word_1_28' title='bbox 721 600 796 692; x_wconf 80' lang='grc' dir='ltr'><strong><em>ούχὶ</em></strong></span> <span class='ocrx_word' id='word_1_29' title='bbox 830 612 887 687; x_wconf 80' lang='grc' dir='ltr'><strong><em>της</em></strong></span> <span class='ocrx_word' id='word_1_30' title='bbox 917 605 1144 689; x_wconf 78' lang='grc' dir='ltr'><strong><em>προσηγορίας</em></strong></span> 
     </span>
     <span class='ocr_line' id='line_1_5' title="bbox 122 703 1137 794; baseline 0.004 -25"><span class='ocrx_word' id='word_1_31' title='bbox 122 704 346 791; x_wconf 80' lang='grc' dir='ltr'><strong><em>ἀφαιροῦνται</em></strong></span> <span class='ocrx_word' id='word_1_32' title='bbox 369 705 482 790; x_wconf 87' lang='grc' dir='ltr'><strong><em>αὐτόν,</em></strong></span> <span class='ocrx_word' id='word_1_33' title='bbox 505 705 589 771; x_wconf 88' lang='grc' dir='ltr'><strong><em>ἀλλά</em></strong></span> <span class='ocrx_word' id='word_1_34' title='bbox 607 705 725 783; x_wconf 78' lang='grc' dir='ltr'><strong><em>θέντες</em></strong></span> <span class='ocrx_word' id='word_1_35' title='bbox 743 703 830 773; x_wconf 82' lang='grc' dir='ltr'><strong><em>εἶναι</em></strong></span> <span class='ocrx_word' id='word_1_36' title='bbox 842 713 1053 794; x_wconf 87' lang='grc' dir='ltr'><strong><em>φιλόσοφον,</em></strong></span> <span class='ocrx_word' id='word_1_37' title='bbox 1076 703 1137 774; x_wconf 77' lang='grc' dir='ltr'><strong><em>εἶτ’</em></strong></span> 
     </span>
    </p>

    <p class='ocr_par' dir='ltr' id='par_1_3' title="bbox 80 807 1193 1321">
     <span class='ocr_line' id='line_1_6' title="bbox 80 807 1140 900; baseline 0.008 -29"><span class='ocrx_word' id='word_1_38' title='bbox 80 834 107 874; x_wconf 81' lang='grc' dir='ltr'><strong><em>,ι</em></strong></span> <span class='ocrx_word' id='word_1_39' title='bbox 123 807 178 876; x_wconf 87' lang='grc' dir='ltr'><strong><em>ἀπ’</em></strong></span> <span class='ocrx_word' id='word_1_40' title='bbox 215 811 318 877; x_wconf 86' lang='grc' dir='ltr'><strong><em>αὐτοῦ</em></strong></span> <span class='ocrx_word' id='word_1_41' title='bbox 354 821 415 878; x_wconf 84' lang='grc' dir='ltr'><strong><em>τοῦ</em></strong></span> <span class='ocrx_word' id='word_1_42' title='bbox 451 809 630 896; x_wconf 75' lang='grc' dir='ltr'><strong><em>γινομένου</em></strong></span> <span class='ocrx_word' id='word_1_43' title='bbox 667 815 825 897; x_wconf 80' lang='grc' dir='ltr'><strong><em>λαβόντες</em></strong></span> <span class='ocrx_word' id='word_1_44' title='bbox 861 814 912 880; x_wconf 82' lang='grc' dir='ltr'><strong><em>ὅτι</em></strong></span> <span class='ocrx_word' id='word_1_45' title='bbox 949 814 1140 900; x_wconf 73' lang='grc' dir='ltr'><strong><em>ἀσχημονεῖ,</em></strong></span> 
     </span>
     <span class='ocr_line' id='line_1_7' title="bbox 121 913 1193 1005; baseline 0.006 -23"><span class='ocrx_word' id='word_1_46' title='bbox 121 916 283 1000; x_wconf 77' lang='grc' dir='ltr'><strong><em>ἐπάγουσι</em></strong></span> <span class='ocrx_word' id='word_1_47' title='bbox 305 914 412 1000; x_wconf 71' lang='grc' dir='ltr'><strong><em>μηδέν’</em></strong></span> <span class='ocrx_word' id='word_1_48' title='bbox 433 919 554 1002; x_wconf 82' lang='grc' dir='ltr'><strong><em>όφελος</em></strong></span> <span class='ocrx_word' id='word_1_49' title='bbox 576 913 663 982; x_wconf 81' lang='grc' dir='ltr'><strong><em>εἶναι</em></strong></span> <span class='ocrx_word' id='word_1_50' title='bbox 686 928 746 986; x_wconf 84' lang='grc' dir='ltr'><strong><em>τού</em></strong></span> <span class='ocrx_word' id='word_1_51' title='bbox 771 925 979 1005; x_wconf 72' lang='grc' dir='ltr'><strong><em>φιλοσοφεῖν.</em></strong></span> <span class='ocrx_word' id='word_1_52' title='bbox 1024 924 1059 986; x_wconf 88' lang='grc' dir='ltr'><strong><em>τί</em></strong></span> <span class='ocrx_word' id='word_1_53' title='bbox 1075 915 1137 986; x_wconf 82' lang='grc' dir='ltr'><strong><em>οὗν</em></strong></span> <span class='ocrx_word' id='word_1_54' title='bbox 1158 939 1193 988; x_wconf 87' lang='lat'><strong><em>10</em></strong></span> 
     </span>
     <span class='ocr_line' id='line_1_8' title="bbox 120 1019 1140 1110; baseline 0.003 -22"><span class='ocrx_word' id='word_1_55' title='bbox 120 1025 160 1088; x_wconf 88' lang='grc' dir='ltr'><strong><em>τὸ</em></strong></span> <span class='ocrx_word' id='word_1_56' title='bbox 189 1028 310 1101; x_wconf 73' lang='grc' dir='ltr'><strong><em>αλσιονς</em></strong></span> <span class='ocrx_word' id='word_1_57' title='bbox 343 1022 394 1088; x_wconf 86' lang='grc' dir='ltr'><strong><em>ότι</em></strong></span> <span class='ocrx_word' id='word_1_58' title='bbox 421 1023 483 1107; x_wconf 78' lang='grc' dir='ltr'><strong><em>την</em></strong></span> <span class='ocrx_word' id='word_1_59' title='bbox 510 1019 571 1107; x_wconf 70' lang='grc' dir='ltr'><strong><em>μὲν</em></strong></span> <span class='ocrx_word' id='word_1_60' title='bbox 601 1032 661 1089; x_wconf 84' lang='grc' dir='ltr'><strong><em>τοῦ</em></strong></span> <span class='ocrx_word' id='word_1_61' title='bbox 688 1022 840 1102; x_wconf 78' lang='grc' dir='ltr'><strong><em>τέκτονος</em></strong></span> <span class='ocrx_word' id='word_1_62' title='bbox 866 1028 1034 1110; x_wconf 76' lang='grc' dir='ltr'><strong><em>πρόληψιν</em></strong></span> <span class='ocrx_word' id='word_1_63' title='bbox 1060 1047 1140 1109; x_wconf 88' lang='grc' dir='ltr'><strong><em>πρε-</em></strong></span> 
     </span>
     <span class='ocr_line' id='line_1_9' title="bbox 121 1126 1139 1213; baseline 0.004 -21"><span class='ocrx_word' id='word_1_64' title='bbox 121 1129 285 1213; x_wconf 78' lang='grc' dir='ltr'><strong><em>σβεύομεν</em></strong></span> <span class='ocrx_word' id='word_1_65' title='bbox 308 1126 363 1193; x_wconf 83' lang='grc' dir='ltr'><strong><em>καὶ</em></strong></span> <span class='ocrx_word' id='word_1_66' title='bbox 385 1128 447 1211; x_wconf 82' lang='grc' dir='ltr'><strong><em>την</em></strong></span> <span class='ocrx_word' id='word_1_67' title='bbox 465 1138 525 1194; x_wconf 85' lang='grc' dir='ltr'><strong><em>τοῦ</em></strong></span> <span class='ocrx_word' id='word_1_68' title='bbox 543 1139 710 1213; x_wconf 81' lang='grc' dir='ltr'><strong><em>’μουσικοῦ</em></strong></span> <span class='ocrx_word' id='word_1_69' title='bbox 733 1129 789 1196; x_wconf 79' lang='grc' dir='ltr'><strong><em>καί</em></strong></span> <span class='ocrx_word' id='word_1_70' title='bbox 812 1131 968 1207; x_wconf 77' lang='grc' dir='ltr'><strong><em>ὡσαύτως</em></strong></span> <span class='ocrx_word' id='word_1_71' title='bbox 990 1141 1057 1196; x_wconf 83' lang='grc' dir='ltr'><strong><em>τῶν</em></strong></span> <span class='ocrx_word' id='word_1_72' title='bbox 1079 1131 1139 1196; x_wconf 89' lang='grc' dir='ltr'><strong><em>άλ-</em></strong></span> 
     </span>
     <span class='ocr_line' id='line_1_10' title="bbox 121 1231 1138 1321; baseline 0.004 -23"><span class='ocrx_word' id='word_1_73' title='bbox 121 1238 190 1299; x_wconf 83' lang='grc' dir='ltr'><strong><em>λων</em></strong></span> <span class='ocrx_word' id='word_1_74' title='bbox 220 1246 392 1319; x_wconf 80' lang='grc' dir='ltr'><strong><em>τεχνιτῶν,</em></strong></span> <span class='ocrx_word' id='word_1_75' title='bbox 422 1236 483 1318; x_wconf 80' lang='grc' dir='ltr'><strong><em>την</em></strong></span> <span class='ocrx_word' id='word_1_76' title='bbox 511 1243 571 1300; x_wconf 84' lang='grc' dir='ltr'><strong><em>τοῦ</em></strong></span> <span class='ocrx_word' id='word_1_77' title='bbox 601 1237 794 1321; x_wconf 87' lang='grc' dir='ltr'><strong><em>φιλοσόφου</em></strong></span> <span class='ocrx_word' id='word_1_78' title='bbox 823 1231 853 1301; x_wconf 80' lang='grc' dir='ltr'><strong><em>δ’</em></strong></span> <span class='ocrx_word' id='word_1_79' title='bbox 888 1237 946 1320; x_wconf 86' lang='grc' dir='ltr'><strong><em>ού,</em></strong></span> <span class='ocrx_word' id='word_1_80' title='bbox 976 1233 1047 1302; x_wconf 87' lang='grc' dir='ltr'><strong><em>ἀλλ’</em></strong></span> <span class='ocrx_word' id='word_1_81' title='bbox 1080 1238 1138 1302; x_wconf 84' lang='grc' dir='ltr'><strong><em>ἀτε</em></strong></span> 
     </span>
    </p>

    <p class='ocr_par' dir='ltr' id='par_1_4' title="bbox 77 1338 1305 1853">
     <span class='ocr_line' id='line_1_11' title="bbox 77 1338 1137 1427; baseline 0.003 -21"><span class='ocrx_word' id='word_1_82' title='bbox 77 1367 106 1406; x_wconf 82' lang='grc' dir='ltr'><strong><em>ιο</em></strong></span> <span class='ocrx_word' id='word_1_83' title='bbox 121 1339 369 1426; x_wconf 83' lang='grc' dir='ltr'><strong><em>συγκεχυμένην</em></strong></span> <span class='ocrx_word' id='word_1_84' title='bbox 392 1338 447 1406; x_wconf 81' lang='grc' dir='ltr'><strong><em>καλ</em></strong></span> <span class='ocrx_word' id='word_1_85' title='bbox 474 1340 708 1423; x_wconf 76' lang='grc' dir='ltr'><strong><em>ἀδιάρθρωτον</em></strong></span> <span class='ocrx_word' id='word_1_86' title='bbox 731 1340 796 1410; x_wconf 82' lang='grc' dir='ltr'><strong><em>ἀπὸ</em></strong></span> <span class='ocrx_word' id='word_1_87' title='bbox 826 1352 893 1407; x_wconf 80' lang='grc' dir='ltr'><strong><em>τῶν</em></strong></span> <span class='ocrx_word' id='word_1_88' title='bbox 916 1341 1008 1420; x_wconf 80' lang='grc' dir='ltr'><strong><em>ἐκτὸς</em></strong></span> <span class='ocrx_word' id='word_1_89' title='bbox 1029 1346 1137 1427; x_wconf 90' lang='grc' dir='ltr'><strong><em>μόνον</em></strong></span> 
     </span>
     <span class='ocr_line' id='line_1_12' title="bbox 119 1445 1190 1536; baseline 0.003 -24"><span class='ocrx_word' id='word_1_90' title='bbox 119 1449 287 1531; x_wconf 88' lang='grc' dir='ltr'><strong><em>κρίνομεν.</em></strong></span> <span class='ocrx_word' id='word_1_91' title='bbox 337 1445 393 1514; x_wconf 81' lang='grc' dir='ltr'><strong><em>καὶ</em></strong></span> <span class='ocrx_word' id='word_1_92' title='bbox 423 1450 503 1513; x_wconf 89' lang='grc' dir='ltr'><strong><em>ποία</em></strong></span> <span class='ocrx_word' id='word_1_93' title='bbox 531 1448 614 1530; x_wconf 87' lang='grc' dir='ltr'><strong><em>ἀλλη</em></strong></span> <span class='ocrx_word' id='word_1_94' title='bbox 646 1445 744 1532; x_wconf 89' lang='grc' dir='ltr'><strong><em>τέχνη</em></strong></span> <span class='ocrx_word' id='word_1_95' title='bbox 773 1447 838 1513; x_wconf 89' lang='grc' dir='ltr'><strong><em>ἀπὸ</em></strong></span> <span class='ocrx_word' id='word_1_96' title='bbox 866 1451 1029 1536; x_wconf 75' lang='grc' dir='ltr'><strong><em>σχήματος</em></strong></span> <span class='ocrx_word' id='word_1_97' title='bbox 1057 1449 1137 1514; x_wconf 84' lang='grc' dir='ltr'><strong><em>ἀνα·</em></strong></span> <span class='ocrx_word' id='word_1_98' title='bbox 1157 1467 1190 1516; x_wconf 91' lang='grc'><strong><em>11</em></strong></span> 
     </span>
     <span class='ocr_line' id='line_1_13' title="bbox 119 1549 1138 1640; baseline 0.004 -23"><span class='ocrx_word' id='word_1_99' title='bbox 119 1554 321 1637; x_wconf 81' lang='grc' dir='ltr'><strong><em>λαμβάνεται</em></strong></span> <span class='ocrx_word' id='word_1_100' title='bbox 343 1551 399 1618; x_wconf 82' lang='grc' dir='ltr'><strong><em>καλ</em></strong></span> <span class='ocrx_word' id='word_1_101' title='bbox 416 1555 531 1637; x_wconf 81' lang='grc' dir='ltr'><strong><em>κόμης,</em></strong></span> <span class='ocrx_word' id='word_1_102' title='bbox 553 1549 629 1637; x_wconf 80' lang='grc' dir='ltr'><strong><em>οὐχί</em></strong></span> <span class='ocrx_word' id='word_1_103' title='bbox 647 1549 685 1617; x_wconf 75' lang='grc' dir='ltr'><strong><em>ἀὲ</em></strong></span> <span class='ocrx_word' id='word_1_104' title='bbox 704 1551 759 1618; x_wconf 85' lang='grc' dir='ltr'><strong><em>καὶ</em></strong></span> <span class='ocrx_word' id='word_1_105' title='bbox 776 1558 976 1640; x_wconf 69' lang='grc' dir='ltr'><strong><em>θεωρήματα</em></strong></span> <span class='ocrx_word' id='word_1_106' title='bbox 995 1557 1062 1640; x_wconf 83' lang='grc' dir='ltr'><strong><em>ἔχει</em></strong></span> <span class='ocrx_word' id='word_1_107' title='bbox 1081 1553 1138 1623; x_wconf 75' lang='grc' dir='ltr'><strong><em>καί</em></strong></span> 
     </span>
     <span class='ocr_line' id='line_1_14' title="bbox 118 1651 1190 1745; baseline 0.002 -21"><span class='ocrx_word' id='word_1_108' title='bbox 118 1659 205 1742; x_wconf 87' lang='grc' dir='ltr'><strong><em>ύλην</em></strong></span> <span class='ocrx_word' id='word_1_109' title='bbox 226 1658 282 1726; x_wconf 82' lang='grc' dir='ltr'><strong><em>καὶ</em></strong></span> <span class='ocrx_word' id='word_1_110' title='bbox 304 1657 410 1737; x_wconf 82' lang='grc' dir='ltr'><strong><em>τέλος;</em></strong></span> <span class='ocrx_word' id='word_1_111' title='bbox 439 1661 487 1734; x_wconf 89' lang='grc' dir='ltr'><strong><em>τίς</em></strong></span> <span class='ocrx_word' id='word_1_112' title='bbox 511 1651 573 1722; x_wconf 85' lang='grc' dir='ltr'><strong><em>οὖν</em></strong></span> <span class='ocrx_word' id='word_1_113' title='bbox 595 1657 659 1742; x_wconf 83' lang='grc' dir='ltr'><strong><em>ὕλη</em></strong></span> <span class='ocrx_word' id='word_1_114' title='bbox 682 1668 743 1725; x_wconf 89' lang='grc' dir='ltr'><strong><em>τοῦ</em></strong></span> <span class='ocrx_word' id='word_1_115' title='bbox 766 1663 968 1744; x_wconf 75' lang='grc' dir='ltr'><strong><em>φιλοσόφους</em></strong></span> <span class='ocrx_word' id='word_1_116' title='bbox 996 1661 1041 1743; x_wconf 82' lang='grc' dir='ltr'><strong><em>μὴ</em></strong></span> <span class='ocrx_word' id='word_1_117' title='bbox 1065 1665 1136 1745; x_wconf 90' lang='grc' dir='ltr'><strong><em>τρί-</em></strong></span> <span class='ocrx_word' id='word_1_118' title='bbox 1155 1679 1190 1726; x_wconf 72' lang='lat'><strong><em>12</em></strong></span> 
     </span>
     <span class='ocr_line' id='line_1_15' title="bbox 119 1762 1305 1853; baseline 0 -21"><span class='ocrx_word' id='word_1_119' title='bbox 119 1769 205 1850; x_wconf 85' lang='grc' dir='ltr'><strong><em>βων;</em></strong></span> <span class='ocrx_word' id='word_1_120' title='bbox 233 1765 287 1849; x_wconf 84' lang='grc' dir='ltr'><strong><em>ού,</em></strong></span> <span class='ocrx_word' id='word_1_121' title='bbox 314 1765 397 1830; x_wconf 85' lang='grc' dir='ltr'><strong><em>ἀλλά</em></strong></span> <span class='ocrx_word' id='word_1_122' title='bbox 420 1764 439 1829; x_wconf 86' lang='grc' dir='ltr'>ὁ</span> <span class='ocrx_word' id='word_1_123' title='bbox 463 1767 571 1846; x_wconf 91' lang='grc' dir='ltr'><strong><em>λόγος.</em></strong></span> <span class='ocrx_word' id='word_1_124' title='bbox 615 1767 651 1829; x_wconf 89' lang='grc' dir='ltr'><strong><em>τί</em></strong></span> <span class='ocrx_word' id='word_1_125' title='bbox 669 1762 777 1843; x_wconf 86' lang='grc' dir='ltr'><strong><em>τέλος;</em></strong></span> <span class='ocrx_word' id='word_1_126' title='bbox 805 1767 850 1850; x_wconf 79' lang='grc' dir='ltr'><strong><em>μή</em></strong></span> <span class='ocrx_word' id='word_1_127' title='bbox 872 1789 904 1830; x_wconf 92' lang='grc' dir='ltr'><strong><em>τι</em></strong></span> <span class='ocrx_word' id='word_1_128' title='bbox 926 1776 1045 1850; x_wconf 75' lang='grc' dir='ltr'><strong><em>φορεῖν</em></strong></span> <span class='ocrx_word' id='word_1_129' title='bbox 1068 1769 1137 1853; x_wconf 81' lang='grc' dir='ltr'><strong><em>τρί·</em></strong></span> <span class='ocrx_word' id='word_1_130' title='bbox 1304 1827 1305 1848; x_wconf 33' lang='lat'>2</span> 
     </span>
    </p>

    <p class='ocr_par' dir='ltr' id='par_1_5' title="bbox 77 1857 1305 2378">
     <span class='ocr_line' id='line_1_16' title="bbox 77 1869 1305 1957; baseline 0.005 -20"><span class='ocrx_word' id='word_1_131' title='bbox 77 1895 105 1937; x_wconf 81' lang='grc' dir='ltr'><strong><em>ιι</em></strong></span> <span class='ocrx_word' id='word_1_132' title='bbox 120 1875 227 1955; x_wconf 71' lang='grc' dir='ltr'><strong><em>βόακας</em></strong></span> <span class='ocrx_word' id='word_1_133' title='bbox 265 1873 322 1956; x_wconf 79' lang='grc' dir='ltr'><strong><em>ού,</em></strong></span> <span class='ocrx_word' id='word_1_134' title='bbox 358 1870 442 1936; x_wconf 88' lang='grc' dir='ltr'><strong><em>ἀλλά</em></strong></span> <span class='ocrx_word' id='word_1_135' title='bbox 473 1872 510 1936; x_wconf 89' lang='grc' dir='ltr'><strong><em>τὸ</em></strong></span> <span class='ocrx_word' id='word_1_136' title='bbox 544 1871 653 1957; x_wconf 47' lang='grc' dir='ltr'><strong><em>ὀρθὸν,</em></strong></span> <span class='ocrx_word' id='word_1_137' title='bbox 684 1874 771 1957; x_wconf 79' lang='grc' dir='ltr'><strong><em>ἔχειν</em></strong></span> <span class='ocrx_word' id='word_1_138' title='bbox 802 1871 862 1936; x_wconf 78' lang='grc' dir='ltr'><strong><em>τὸν</em></strong></span> <span class='ocrx_word' id='word_1_139' title='bbox 893 1873 1005 1955; x_wconf 91' lang='grc' dir='ltr'><strong><em>λόγον.</em></strong></span> <span class='ocrx_word' id='word_1_140' title='bbox 1056 1884 1146 1938; x_wconf 76' lang='grc' dir='ltr'><strong><em>κοῖαΙ</em></strong></span> <span class='ocrx_word' id='word_1_141' title='bbox 1304 1869 1305 1943; x_wconf 69' lang='grc' dir='ltr'><strong><em>λ</em></strong></span> 
     </span>
     <span class='ocr_line' id='line_1_17' title="bbox 119 1974 1137 2063; baseline 0.002 -21"><span class='ocrx_word' id='word_1_142' title='bbox 119 1980 334 2063; x_wconf 69' lang='grc' dir='ltr'><strong><em>θεωρηματας</em></strong></span> <span class='ocrx_word' id='word_1_143' title='bbox 362 1979 406 2062; x_wconf 83' lang='grc' dir='ltr'><strong><em>μή</em></strong></span> <span class='ocrx_word' id='word_1_144' title='bbox 428 2000 461 2043; x_wconf 95' lang='grc' dir='ltr'><strong><em>τι</em></strong></span> <span class='ocrx_word' id='word_1_145' title='bbox 484 1977 523 2041; x_wconf 81' lang='grc' dir='ltr'><strong><em>τά</em></strong></span> <span class='ocrx_word' id='word_1_146' title='bbox 545 1974 622 2059; x_wconf 82' lang='grc' dir='ltr'><strong><em>περὶ</em></strong></span> <span class='ocrx_word' id='word_1_147' title='bbox 644 1987 705 2042; x_wconf 86' lang='grc' dir='ltr'><strong><em>τοῦ</em></strong></span> <span class='ocrx_word' id='word_1_148' title='bbox 726 1987 795 2053; x_wconf 78' lang='grc' dir='ltr'><strong><em>πῶς</em></strong></span> <span class='ocrx_word' id='word_1_149' title='bbox 817 1977 939 2060; x_wconf 70' lang='grc' dir='ltr'><strong><em>πώγων</em></strong></span> <span class='ocrx_word' id='word_1_150' title='bbox 962 1975 1063 2061; x_wconf 81' lang='grc' dir='ltr'><strong><em>μέγας</em></strong></span> <span class='ocrx_word' id='word_1_151' title='bbox 1085 1981 1137 2062; x_wconf 91' lang='grc' dir='ltr'><strong><em>γί-</em></strong></span> 
     </span>
     <span class='ocr_line' id='line_1_18' title="bbox 119 2081 1137 2168; baseline 0 -18"><span class='ocrx_word' id='word_1_152' title='bbox 119 2107 212 2150; x_wconf 89' lang='grc' dir='ltr'><strong><em>νεται</em></strong></span> <span class='ocrx_word' id='word_1_153' title='bbox 240 2083 261 2168; x_wconf 76' lang='grc' dir='ltr'><em>ἢ</em></span> <span class='ocrx_word' id='word_1_154' title='bbox 290 2087 374 2168; x_wconf 88' lang='grc' dir='ltr'><strong><em>κόμη</em></strong></span> <span class='ocrx_word' id='word_1_155' title='bbox 404 2087 540 2167; x_wconf 74' lang='grc' dir='ltr'><strong><em>βαθείας</em></strong></span> <span class='ocrx_word' id='word_1_156' title='bbox 571 2082 668 2167; x_wconf 87' lang='grc' dir='ltr'><strong><em>&lt;ού,&gt;</em></strong></span> <span class='ocrx_word' id='word_1_157' title='bbox 696 2081 780 2148; x_wconf 83' lang='grc' dir='ltr'><strong><em>ἀλλά</em></strong></span> <span class='ocrx_word' id='word_1_158' title='bbox 807 2087 934 2167; x_wconf 84' lang='grc' dir='ltr'><strong><em>μᾶλλον</em></strong></span> <span class='ocrx_word' id='word_1_159' title='bbox 964 2083 985 2148; x_wconf 81' lang='grc' dir='ltr'><strong><em>ἀ</em></strong></span> <span class='ocrx_word' id='word_1_160' title='bbox 1014 2086 1137 2167; x_wconf 76' lang='grc' dir='ltr'><strong><em>Ζήνων</em></strong></span> 
     </span>
     <span class='ocr_line' id='line_1_19' title="bbox 119 2188 1137 2274; baseline 0 -18"><span class='ocrx_word' id='word_1_161' title='bbox 119 2188 220 2274; x_wconf 84' lang='grc' dir='ltr'><strong><em>λέγει,</em></strong></span> <span class='ocrx_word' id='word_1_162' title='bbox 243 2199 371 2273; x_wconf 81' lang='grc' dir='ltr'><strong><em>γνῶναι</em></strong></span> <span class='ocrx_word' id='word_1_163' title='bbox 388 2190 428 2254; x_wconf 90' lang='grc' dir='ltr'><strong><em>τά</em></strong></span> <span class='ocrx_word' id='word_1_164' title='bbox 446 2197 507 2254; x_wconf 86' lang='grc' dir='ltr'><strong><em>τοῦ</em></strong></span> <span class='ocrx_word' id='word_1_165' title='bbox 525 2190 629 2270; x_wconf 90' lang='grc' dir='ltr'><strong><em>λόγου</em></strong></span> <span class='ocrx_word' id='word_1_166' title='bbox 647 2198 801 2272; x_wconf 72' lang='grc' dir='ltr'><strong><em>στοιχεῖα,</em></strong></span> <span class='ocrx_word' id='word_1_167' title='bbox 824 2192 922 2256; x_wconf 83' lang='grc' dir='ltr'><strong><em>πολύν</em></strong></span> <span class='ocrx_word' id='word_1_168' title='bbox 941 2213 972 2254; x_wconf 89' lang='grc' dir='ltr'><strong><em>τι</em></strong></span> <span class='ocrx_word' id='word_1_169' title='bbox 994 2189 1137 2256; x_wconf 78' lang='grc' dir='ltr'><strong><em>ἕκαστον</em></strong></span> 
     </span>
     <span class='ocr_line' id='line_1_20' title="bbox 119 2291 1136 2378; baseline 0 -16"><span class='ocrx_word' id='word_1_170' title='bbox 119 2296 231 2362; x_wconf 82' lang='grc' dir='ltr'><strong><em>αὐτῶν</em></strong></span> <span class='ocrx_word' id='word_1_171' title='bbox 255 2291 401 2361; x_wconf 80' lang='grc' dir='ltr'><strong><em>ἐστικαὶ</em></strong></span> <span class='ocrx_word' id='word_1_172' title='bbox 424 2305 492 2370; x_wconf 83' lang='grc' dir='ltr'><strong><em>πῶς</em></strong></span> <span class='ocrx_word' id='word_1_173' title='bbox 516 2292 709 2378; x_wconf 89' lang='grc' dir='ltr'><strong><em>ἀρμόττεται</em></strong></span> <span class='ocrx_word' id='word_1_174' title='bbox 735 2295 818 2378; x_wconf 89' lang='grc' dir='ltr'><strong><em>πρὸς</em></strong></span> <span class='ocrx_word' id='word_1_175' title='bbox 844 2295 971 2376; x_wconf 85' lang='grc' dir='ltr'><strong><em>ἀλληλα</em></strong></span> <span class='ocrx_word' id='word_1_176' title='bbox 992 2295 1049 2362; x_wconf 82' lang='grc' dir='ltr'><strong><em>καὶ</em></strong></span> <span class='ocrx_word' id='word_1_177' title='bbox 1072 2297 1136 2364; x_wconf 88' lang='grc' dir='ltr'><strong><em>ὅσα</em></strong></span> 
     </span>
    </p>

    <p class='ocr_par' dir='ltr' id='par_1_6' title="bbox 76 2393 1188 2913">
     <span class='ocr_line' id='line_1_21' title="bbox 76 2393 1188 2487; baseline -0.001 -19"><span class='ocrx_word' id='word_1_178' title='bbox 76 2404 249 2479; x_wconf 71' lang='grc' dir='ltr'><strong><em>τιτούτοις</em></strong></span> <span class='ocrx_word' id='word_1_179' title='bbox 272 2401 443 2468; x_wconf 73' lang='grc' dir='ltr'><strong><em>ἀκόλουίλά</em></strong></span> <span class='ocrx_word' id='word_1_180' title='bbox 467 2399 566 2466; x_wconf 82' lang='grc' dir='ltr'><strong><em>ἐστιν.</em></strong></span> <span class='ocrx_word' id='word_1_181' title='bbox 612 2399 653 2466; x_wconf 90' lang='grc' dir='ltr'><strong><em>ού</em></strong></span> <span class='ocrx_word' id='word_1_182' title='bbox 671 2396 782 2475; x_wconf 79' lang='grc' dir='ltr'><strong><em>θέλεις</em></strong></span> <span class='ocrx_word' id='word_1_183' title='bbox 800 2393 863 2466; x_wconf 82' lang='grc' dir='ltr'><strong><em>οὖν</em></strong></span> <span class='ocrx_word' id='word_1_184' title='bbox 886 2401 972 2468; x_wconf 77' lang='grc' dir='ltr'><strong><em>ίδείν</em></strong></span> <span class='ocrx_word' id='word_1_185' title='bbox 989 2413 1135 2487; x_wconf 83' lang='grc' dir='ltr'><strong><em>πρῶτον,</em></strong></span> <span class='ocrx_word' id='word_1_186' title='bbox 1155 2420 1188 2467; x_wconf 72' lang='grc'><strong><em>13</em></strong></span> 
     </span>
     <span class='ocr_line' id='line_1_22' title="bbox 119 2503 1134 2596; baseline -0.004 -20"><span class='ocrx_word' id='word_1_187' title='bbox 119 2512 151 2576; x_wconf 89' lang='grc' dir='ltr'><strong><em>εί</em></strong></span> <span class='ocrx_word' id='word_1_188' title='bbox 175 2514 300 2595; x_wconf 75' lang='grc' dir='ltr'><strong><em>πληροῖ</em></strong></span> <span class='ocrx_word' id='word_1_189' title='bbox 324 2509 385 2591; x_wconf 82' lang='grc' dir='ltr'><strong><em>την</em></strong></span> <span class='ocrx_word' id='word_1_190' title='bbox 413 2506 613 2590; x_wconf 80' lang='grc' dir='ltr'><strong><em>ἐπαγγελίαν</em></strong></span> <span class='ocrx_word' id='word_1_191' title='bbox 639 2505 852 2591; x_wconf 80' lang='grc' dir='ltr'><strong><em>ἀσχημονῶν,</em></strong></span> <span class='ocrx_word' id='word_1_192' title='bbox 884 2503 939 2570; x_wconf 83' lang='grc' dir='ltr'><strong><em>καὶ</em></strong></span> <span class='ocrx_word' id='word_1_193' title='bbox 971 2505 1058 2572; x_wconf 77' lang='grc' dir='ltr'><strong><em>οὕτω</em></strong></span> <span class='ocrx_word' id='word_1_194' title='bbox 1088 2517 1134 2596; x_wconf 77' lang='grc' dir='ltr'><strong><em>τχό</em></strong></span> 
     </span>
     <span class='ocr_line' id='line_1_23' title="bbox 118 2609 1135 2699; baseline -0.004 -17"><span class='ocrx_word' id='word_1_195' title='bbox 118 2615 351 2699; x_wconf 74' lang='grc' dir='ltr'><strong><em>ἐπιτηδεύματι</em></strong></span> <span class='ocrx_word' id='word_1_196' title='bbox 373 2612 540 2697; x_wconf 72' lang='grc' dir='ltr'><strong><em>έγκαλεῖνχ</em></strong></span> <span class='ocrx_word' id='word_1_197' title='bbox 563 2619 627 2680; x_wconf 86' lang='grc' dir='ltr'><strong><em>νῦν</em></strong></span> <span class='ocrx_word' id='word_1_198' title='bbox 651 2609 697 2697; x_wconf 78' lang='grc' dir='ltr'><strong><em>δ’,</em></strong></span> <span class='ocrx_word' id='word_1_199' title='bbox 720 2613 819 2688; x_wconf 86' lang='grc' dir='ltr'><strong><em>αὐτὸς</em></strong></span> <span class='ocrx_word' id='word_1_200' title='bbox 841 2612 922 2678; x_wconf 85' lang='grc' dir='ltr'><strong><em>ὅταν</em></strong></span> <span class='ocrx_word' id='word_1_201' title='bbox 945 2621 1135 2699; x_wconf 76' lang='grc' dir='ltr'><strong><em>σωφρονῇς,</em></strong></span> 
     </span>
     <span class='ocr_line' id='line_1_24' title="bbox 118 2716 1134 2804; baseline -0.002 -16"><span class='ocrx_word' id='word_1_202' title='bbox 118 2720 152 2801; x_wconf 78' lang='grc' dir='ltr'><strong><em>ἐξ</em></strong></span> <span class='ocrx_word' id='word_1_203' title='bbox 180 2716 228 2786; x_wconf 81' lang='grc' dir='ltr'><strong><em>ὧν</em></strong></span> <span class='ocrx_word' id='word_1_204' title='bbox 255 2731 364 2786; x_wconf 83' lang='grc' dir='ltr'><strong><em>ποιεῖν</em></strong></span> <span class='ocrx_word' id='word_1_205' title='bbox 388 2737 441 2786; x_wconf 91' lang='grc' dir='ltr'><strong><em>σοι</em></strong></span> <span class='ocrx_word' id='word_1_206' title='bbox 465 2721 560 2784; x_wconf 78' lang='grc' dir='ltr'><strong><em>δοκεῖ</em></strong></span> <span class='ocrx_word' id='word_1_207' title='bbox 578 2730 696 2802; x_wconf 82' lang='grc' dir='ltr'><strong><em>κακῶς,</em></strong></span> <span class='ocrx_word' id='word_1_208' title='bbox 726 2716 832 2800; x_wconf 86' lang='grc' dir='ltr'><strong><em>λέγεις</em></strong></span> <span class='ocrx_word' id='word_1_209' title='bbox 855 2717 929 2804; x_wconf 48' lang='grc' dir='ltr'><strong><em>(ὅρα</em></strong></span> <span class='ocrx_word' id='word_1_210' title='bbox 955 2721 1015 2784; x_wconf 86' lang='grc' dir='ltr'><strong><em>τὸν</em></strong></span> <span class='ocrx_word' id='word_1_211' title='bbox 1038 2722 1134 2803; x_wconf 93' lang='grc' dir='ltr'><strong><em>φιλό-</em></strong></span> 
     </span>
     <span class='ocr_line' id='line_1_25' title="bbox 119 2823 1134 2913; baseline -0.001 -20"><span class='ocrx_word' id='word_1_212' title='bbox 119 2827 239 2913; x_wconf 87' lang='grc' dir='ltr'><strong><em>σοφον’</em></strong></span> <span class='ocrx_word' id='word_1_213' title='bbox 271 2826 330 2913; x_wconf 84' lang='grc' dir='ltr'><strong><em>(ὡς</em></strong></span> <span class='ocrx_word' id='word_1_214' title='bbox 353 2826 394 2893; x_wconf 89' lang='grc' dir='ltr'><strong><em>ού</em></strong></span> <span class='ocrx_word' id='word_1_215' title='bbox 417 2824 599 2913; x_wconf 87' lang='grc' dir='ltr'><strong><em>πρέποντος</em></strong></span> <span class='ocrx_word' id='word_1_216' title='bbox 622 2823 731 2908; x_wconf 88' lang='grc' dir='ltr'><strong><em>λέγειν</em></strong></span> <span class='ocrx_word' id='word_1_217' title='bbox 759 2825 819 2889; x_wconf 90' lang='grc' dir='ltr'><strong><em>τὸν</em></strong></span> <span class='ocrx_word' id='word_1_218' title='bbox 840 2832 944 2889; x_wconf 83' lang='grc' dir='ltr'><strong><em>ταῦτα</em></strong></span> <span class='ocrx_word' id='word_1_219' title='bbox 971 2835 1134 2892; x_wconf 85' lang='grc' dir='ltr'><strong><em>ποιοῦντα</em></strong></span> 
     </span>
    </p>

    <p class='ocr_par' dir='ltr' id='par_1_7' title="bbox 78 2928 1189 3232">
     <span class='ocr_line' id='line_1_26' title="bbox 78 2928 1133 3019; baseline 0.004 -25"><span class='ocrx_word' id='word_1_220' title='bbox 78 2953 106 2995; x_wconf 77' lang='grc' dir='ltr'><strong><em>ει</em></strong></span> <span class='ocrx_word' id='word_1_221' title='bbox 118 2932 322 3018; x_wconf 91' lang='grc' dir='ltr'><strong><em>φιλόσοφον)</em></strong></span> <span class='ocrx_word' id='word_1_222' title='bbox 347 2929 402 2998; x_wconf 81' lang='grc' dir='ltr'><strong><em>καί</em></strong></span> <span class='ocrx_word' id='word_1_223' title='bbox 424 2932 525 2997; x_wconf 92' lang='grc' dir='ltr'><strong><em>πάλιν</em></strong></span> <span class='ocrx_word' id='word_1_224' title='bbox 548 2929 656 2997; x_wconf 63' lang='grc' dir='ltr'><strong><em>“τοῦτο</em></strong></span> <span class='ocrx_word' id='word_1_225' title='bbox 680 2932 865 3015; x_wconf 90' lang='grc' dir='ltr'><strong><em>φιλόσοφός</em></strong></span> <span class='ocrx_word' id='word_1_226' title='bbox 888 2928 999 2996; x_wconf 81' lang='grc' dir='ltr'><strong><em>ἐστιν’.</em></strong></span> <span class='ocrx_word' id='word_1_227' title='bbox 1046 2931 1133 3019; x_wconf 68' lang='grc' dir='ltr'><strong><em>“όρα’</em></strong></span> 
     </span>
     <span class='ocr_line' id='line_1_27' title="bbox 121 3035 1133 3125; baseline -0.002 -20"><span class='ocrx_word' id='word_1_228' title='bbox 121 3036 158 3105; x_wconf 71' lang='grc' dir='ltr'><strong><em>ἀλ</em></strong></span> <span class='ocrx_word' id='word_1_229' title='bbox 182 3039 252 3104; x_wconf 68' lang='grc' dir='ltr'><strong><em>’τὸν</em></strong></span> <span class='ocrx_word' id='word_1_230' title='bbox 270 3036 418 3104; x_wconf 65' lang='grc' dir='ltr'><strong><em>τέκτονα</em></strong></span> <span class='ocrx_word' id='word_1_231' title='bbox 438 3037 478 3102; x_wconf 89' lang='grc' dir='ltr'><strong><em>ού</em></strong></span> <span class='ocrx_word' id='word_1_232' title='bbox 497 3035 613 3119; x_wconf 89' lang='grc' dir='ltr'><strong><em>λέγεις,</em></strong></span> <span class='ocrx_word' id='word_1_233' title='bbox 636 3037 717 3106; x_wconf 85' lang='grc' dir='ltr'><strong><em>ὅταν</em></strong></span> <span class='ocrx_word' id='word_1_234' title='bbox 735 3037 932 3123; x_wconf 89' lang='grc' dir='ltr'><strong><em>μοιχεύουτά</em></strong></span> <span class='ocrx_word' id='word_1_235' title='bbox 949 3057 1025 3104; x_wconf 91' lang='grc' dir='ltr'><strong><em>τινα</em></strong></span> <span class='ocrx_word' id='word_1_236' title='bbox 1043 3047 1133 3125; x_wconf 76' lang='grc' dir='ltr'><strong><em>γνῷς</em></strong></span> 
     </span>
     <span class='ocr_line' id='line_1_28' title="bbox 119 3138 1189 3232; baseline 0 -22"><span class='ocrx_word' id='word_1_237' title='bbox 119 3145 140 3228; x_wconf 73' lang='grc' dir='ltr'><em>ἢ</em></span> <span class='ocrx_word' id='word_1_238' title='bbox 167 3145 362 3232; x_wconf 90' lang='grc' dir='ltr'><strong><em>λιχνεύοντα</em></strong></span> <span class='ocrx_word' id='word_1_239' title='bbox 385 3144 473 3228; x_wconf 81' lang='grc' dir='ltr'><strong><em>ίάης,</em></strong></span> <span class='ocrx_word' id='word_1_240' title='bbox 502 3138 581 3207; x_wconf 74' lang='grc' dir='ltr'><strong><em>οὐδὲ</em></strong></span> <span class='ocrx_word' id='word_1_241' title='bbox 609 3141 683 3228; x_wconf 48' lang='grc' dir='ltr'><strong><em>(ὅρα</em></strong></span> <span class='ocrx_word' id='word_1_242' title='bbox 712 3144 771 3207; x_wconf 90' lang='grc' dir='ltr'><strong><em>τὸν</em></strong></span> <span class='ocrx_word' id='word_1_243' title='bbox 798 3144 980 3227; x_wconf 88' lang='grc' dir='ltr'><strong><em>μουσικόν.’</em></strong></span> <span class='ocrx_word' id='word_1_244' title='bbox 1027 3145 1133 3223; x_wconf 81' lang='grc' dir='ltr'><strong><em>οὕτως</em></strong></span> <span class='ocrx_word' id='word_1_245' title='bbox 1151 3161 1189 3210; x_wconf 75' lang='grc'><strong><em>14</em></strong></span> 
     </span>
    </p>
   </div>
   <div class='ocr_carea' id='block_1_3' title="bbox 117 3287 332 3298">
    <p class='ocr_par' dir='ltr' id='par_1_8' title="bbox 117 3287 332 3298">
     <span class='ocr_line' id='line_1_29' title="bbox 117 3287 332 3298; baseline -0.005 -2"><span class='ocrx_word' id='word_1_246' title='bbox 117 3287 332 3298; x_wconf 81' lang='lat'>...—————</span> 
     </span>
    </p>
   </div>
   <div class='ocr_carea' id='block_1_4' title="bbox 118 3365 1134 3654">
    <p class='ocr_par' dir='ltr' id='par_1_9' title="bbox 118 3365 1134 3654">
     <span class='ocr_line' id='line_1_30' title="bbox 191 3365 1134 3444; baseline 0 -18"><span class='ocrx_word' id='word_1_247' title='bbox 191 3379 205 3426; x_wconf 93' lang='lat'>1</span> <span class='ocrx_word' id='word_1_248' title='bbox 226 3370 294 3444; x_wconf 77' lang='grc' dir='ltr'><strong><em>[ὅτι]</em></strong></span> <span class='ocrx_word' id='word_1_249' title='bbox 312 3372 413 3440; x_wconf 82' lang='grc' dir='ltr'><strong><em>ἀολιυί;</em></strong></span> <span class='ocrx_word' id='word_1_250' title='bbox 431 3368 474 3426; x_wconf 85' lang='grc' dir='ltr'><strong><em>ότι</em></strong></span> <span class='ocrx_word' id='word_1_251' title='bbox 492 3365 604 3433; x_wconf 78' lang='grc' dir='ltr'><strong><em>ούτοςε</em></strong></span> <span class='ocrx_word' id='word_1_252' title='bbox 630 3373 640 3439; x_wconf 74' lang='lat' dir='ltr'>ss</span> <span class='ocrx_word' id='word_1_253' title='bbox 667 3369 773 3439; x_wconf 73' lang='grc' dir='ltr'><strong><em>όμηδέ</em></strong></span> <span class='ocrx_word' id='word_1_254' title='bbox 788 3369 821 3425; x_wconf 82' lang='lat' dir='ltr'><strong><em>S:</em></strong></span> <span class='ocrx_word' id='word_1_255' title='bbox 838 3388 935 3428; x_wconf 76' lang='grc' dir='ltr'><strong><em>συνκο</em></strong></span> <span class='ocrx_word' id='word_1_256' title='bbox 961 3374 971 3441; x_wconf 87' lang='grc' dir='ltr'><strong><em>ΙΙ</em></strong></span> <span class='ocrx_word' id='word_1_257' title='bbox 998 3379 1134 3442; x_wconf 88' lang='grc' dir='ltr'><strong><em>9τεχνη-</em></strong></span> 
     </span>
     <span class='ocr_line' id='line_1_31' title="bbox 118 3439 1130 3514; baseline 0 -16"><span class='ocrx_word' id='word_1_258' title='bbox 118 3443 347 3499; x_wconf 65' lang='grc' dir='ltr'><strong><em>κρυόεσσαν</em></strong></span> <span class='ocrx_word' id='word_1_259' title='bbox 377 3445 387 3512; x_wconf 83' lang='grc' dir='ltr'><strong><em>ΙΙ</em></strong></span> <span class='ocrx_word' id='word_1_260' title='bbox 421 3449 451 3497; x_wconf 81' lang='grc'><strong><em>17</em></strong></span> <span class='ocrx_word' id='word_1_261' title='bbox 473 3440 549 3514; x_wconf 83' lang='grc' dir='ltr'><strong><em>&lt;ού&gt;</em></strong></span> <span class='ocrx_word' id='word_1_262' title='bbox 568 3441 633 3496; x_wconf 81' lang='lat' dir='ltr'><strong><em>add.</em></strong></span> <span class='ocrx_word' id='word_1_263' title='bbox 657 3439 751 3510; x_wconf 68' lang='lat' dir='ltr'><strong><em>Upm</em></strong></span> <span class='ocrx_word' id='word_1_264' title='bbox 774 3443 831 3496; x_wconf 81' lang='grc' dir='ltr'><strong><em>τοά.</em></strong></span> <span class='ocrx_word' id='word_1_265' title='bbox 867 3445 877 3510; x_wconf 74' lang='lat' dir='ltr'>ss</span> <span class='ocrx_word' id='word_1_266' title='bbox 913 3441 985 3509; x_wconf 80' lang='grc' dir='ltr'><strong><em>ζήτω</em></strong></span> <span class='ocrx_word' id='word_1_267' title='bbox 1004 3443 1036 3498; x_wconf 80' lang='lat' dir='ltr'><strong><em>S:</em></strong></span> <span class='ocrx_word' id='word_1_268' title='bbox 1060 3460 1130 3498; x_wconf 73' lang='lat' dir='ltr'><strong><em>corr.</em></strong></span> 
     </span>
     <span class='ocr_line' id='line_1_32' title="bbox 120 3510 1132 3583; baseline 0 -16"><span class='ocrx_word' id='word_1_269' title='bbox 120 3515 149 3577; x_wconf 72' lang='lat' dir='ltr'><strong><em>S„</em></strong></span> <span class='ocrx_word' id='word_1_270' title='bbox 187 3516 197 3583; x_wconf 76' lang='lat' dir='ltr'><strong><em>ll</em></strong></span> <span class='ocrx_word' id='word_1_271' title='bbox 238 3518 272 3568; x_wconf 80' lang='lat'><strong><em>23</em></strong></span> <span class='ocrx_word' id='word_1_272' title='bbox 291 3514 374 3582; x_wconf 76' lang='grc' dir='ltr'><strong><em>ἀοκήι</em></strong></span> <span class='ocrx_word' id='word_1_273' title='bbox 392 3513 425 3568; x_wconf 62' lang='lat' dir='ltr'><strong><em>Se</em></strong></span> <span class='ocrx_word' id='word_1_274' title='bbox 449 3529 550 3569; x_wconf 69' lang='lat' dir='ltr'><strong><em>eorm</em></strong></span> <span class='ocrx_word' id='word_1_275' title='bbox 586 3515 595 3583; x_wconf 75' lang='lat' dir='ltr'>fl</span> <span class='ocrx_word' id='word_1_276' title='bbox 632 3515 666 3566; x_wconf 77' lang='lat'><strong><em>24</em></strong></span> <span class='ocrx_word' id='word_1_277' title='bbox 685 3512 718 3565; x_wconf 85' lang='grc' dir='ltr'><strong><em>ού</em></strong></span> <span class='ocrx_word' id='word_1_278' title='bbox 736 3512 788 3568; x_wconf 78' lang='lat' dir='ltr'><strong><em>del.</em></strong></span> <span class='ocrx_word' id='word_1_279' title='bbox 807 3510 837 3573; x_wconf 54' lang='lat' dir='ltr'><strong><em>Sa</em></strong></span> <span class='ocrx_word' id='word_1_280' title='bbox 875 3513 885 3582; x_wconf 90' lang='grc' dir='ltr'>Ι</span> <span class='ocrx_word' id='word_1_281' title='bbox 924 3521 1012 3570; x_wconf 78' lang='grc' dir='ltr'><strong><em>ταῦτα</em></strong></span> <span class='ocrx_word' id='word_1_282' title='bbox 1031 3513 1076 3574; x_wconf 61' lang='grc' dir='ltr'><strong><em>δμ·</em></strong></span> <span class='ocrx_word' id='word_1_283' title='bbox 1094 3533 1132 3567; x_wconf 84' lang='grc' dir='ltr'><strong><em>τοι</em></strong></span> 
     </span>
     <span class='ocr_line' id='line_1_33' title="bbox 120 3576 855 3654; baseline -0.005 -12"><span class='ocrx_word' id='word_1_284' title='bbox 120 3587 142 3642; x_wconf 81' lang='lat' dir='ltr'><strong><em>S</em></strong></span> <span class='ocrx_word' id='word_1_285' title='bbox 170 3587 180 3654; x_wconf 75' lang='lat' dir='ltr'>fl</span> <span class='ocrx_word' id='word_1_286' title='bbox 212 3589 246 3639; x_wconf 74' lang='lat'><strong><em>25</em></strong></span> <span class='ocrx_word' id='word_1_287' title='bbox 266 3582 423 3653; x_wconf 89' lang='grc' dir='ltr'><strong><em>φιλόσοφόν</em></strong></span> <span class='ocrx_word' id='word_1_288' title='bbox 442 3580 516 3638; x_wconf 85' lang='grc' dir='ltr'><strong><em>έστιν</em></strong></span> <span class='ocrx_word' id='word_1_289' title='bbox 552 3583 583 3643; x_wconf 69' lang='grc' dir='ltr'><strong><em>δι</em></strong></span> <span class='ocrx_word' id='word_1_290' title='bbox 611 3586 621 3653; x_wconf 84' lang='grc' dir='ltr'><strong><em>ΙΙ</em></strong></span> <span class='ocrx_word' id='word_1_291' title='bbox 653 3576 754 3649; x_wconf 81' lang='grc' dir='ltr'><strong><em>ἒστιν’;</em></strong></span> <span class='ocrx_word' id='word_1_292' title='bbox 773 3582 855 3638; x_wconf 79' lang='lat' dir='ltr'><strong><em>Elter</em></strong></span> 
     </span>
    </p>
   </div>
   <div class='ocr_carea' id='block_1_5' title="bbox 0 0 1318 3924">
    <p class='ocr_par' dir='ltr' id='par_1_10' title="bbox 0 0 1318 3924">
     <span class='ocr_line' id='line_1_34' title="bbox 0 0 1318 3924; baseline 0 6"><span class='ocrx_word' id='word_1_293' title='bbox 0 0 1318 3924; x_wconf 95' lang='lat' dir='ltr'><strong><em> </em></strong></span> 
     </span>
    </p>
   </div>
  </div>
 </body>
</html>
