2650 3930
178 163 244 228 200
321 155 505 218 ΑΡΡΙΑΝΟΤ
523 164 597 217 ΤΩΝ
614 165 836 217 ΕΠΙΚΤΗΤΟΤ
853 165 1049 219 ΔΙΑΤΡΙΒΩΝ

126 340 161 390 15
179 323 398 410 ἀσόμφωνον;
418 323 501 391 ἀλλά
519 336 601 391 κινῶ
617 342 653 391 σε
671 327 754 412 πρὸς
771 330 988 412 φιλοσοφίαν;
1006 335 1077 403 πῶς
1089 347 1198 412 παρα-

180 430 322 496 δεικνόω
351 447 404 497 σοι
431 432 493 515 τήν
516 432 624 518 μάχην
646 442 713 498 τῶν
732 437 866 499 πολλῶν
884 431 1086 519 ἀνθρώπων,
1111 430 1193 499 καθ’

179 536 221 620 ἣν
250 535 467 623 διαφέρονται
494 537 570 624 περὶ
597 538 736 622 ἀγαθῶν
763 538 818 606 καὶ
847 550 958 606 κακῶν
984 537 1039 605 καὶ
1068 556 1197 625 συμφε-

180 646 309 726 ρόντων
331 642 387 712 καὶ
409 644 626 731 ἀσυμφόρων,
649 646 730 720 αὐτὸ
753 655 850 713 τοῦτο
873 649 909 712 τί
929 645 998 712 ἐστι
1021 646 1108 731 μάχη
1133 646 1197 712 οὐκ

180 750 300 829 εἰδότες
320 749 430 830 δεῖξον
450 747 512 818 οὖν
529 777 597 838 μοι,
615 755 651 819 τί
665 763 797 838 περανῶ
816 754 1051 838 διαλεγόμενός
1069 769 1132 817 σοι.
1154 789 1194 800 —-
1227 774 1240 815 ε

130 874 162 921 16
182 860 332 941 Κίνησόν
354 883 411 943 μοι
433 864 637 947 προθυμίαν.
659 897 697 906 -
716 855 773 937 Ὡς
795 859 816 943 ή
839 860 1041 944 κατάλληλος
1059 862 1126 925 πόα
1148 867 1197 948 τῷ

181 964 337 1054 προβότφ
360 976 502 1051 φανεῖσα
524 970 719 1052 προθυμίαν
743 965 832 1053 αὐτῷ
857 975 947 1031 κινεῖ
965 966 1048 1051 πρὸς
1069 967 1108 1032 τὸ
1130 990 1198 1050 φα-

181 1083 268 1156 γεῖν,
297 1070 339 1136 ἀν
363 1066 400 1135 δέ
423 1074 524 1136 λίθον
546 1069 566 1154 ή
591 1071 693 1165 ἀρτον
715 1077 880 1158 παραθῇς,
903 1071 945 1136 οὐ
967 1073 1197 1156 κινηθήσεται,

182 1177 287 1252 οὕτως
309 1177 378 1240 είσί
397 1197 485 1252 τινες
507 1176 588 1261 ἡμῖν
611 1175 749 1262 φυσικαὶ
772 1181 959 1263 προθυμίαι
976 1176 1032 1243 καὶ
1054 1179 1137 1263 πρὸς
1157 1179 1196 1243 τδ

182 1280 307 1365 λέγειν,
343 1280 423 1346 ὅταν
455 1282 474 1348 ὁ
506 1281 731 1368 ἀκουσόμενος
762 1293 851 1370 φανῇ
882 1308 948 1369 τις,
984 1284 1065 1349 ὅταν
1096 1283 1197 1361 αὐτὸς
1212 1306 1239 1346 ιο

183 1387 328 1473 ἐρεθίσῃ.
374 1387 416 1456 ἀν
444 1385 474 1453 δ’
508 1389 552 1467 ῶς
579 1393 676 1467 λίθος
702 1390 723 1475 ή
753 1393 870 1477 χόρτος
896 1383 918 1478 ᾖ
945 1393 1197 1476 παρακείμενος,

131 1509 162 1558 17
181 1504 251 1572 πῶς
274 1494 413 1560 δόναναι
436 1493 604 1585 ἀνθρώπῳ
629 1495 738 1582 όρεξιν
764 1507 911 1582 κινήσας
939 1497 960 1581 ἡ
983 1498 1128 1581 ἀμπελος
1150 1498 1196 1581 μή

182 1625 213 1666 τι
240 1599 329 1684 λέγει
360 1609 405 1690 τῷ
436 1612 571 1692 γεωργῷ
601 1601 770 1688 εἐπιμελοῦ
797 1603 889 1688 μου’;
923 1600 996 1669 ἀλλ’
1031 1603 1112 1687 αὐτή
1146 1604 1182 1668 δι

183 1707 283 1793 αὐτῆς
306 1707 514 1794 ἐμφαίνουσα
537 1709 587 1775 ὅτι
615 1707 849 1794 ἐπιμεληθέντι
877 1712 1093 1793 λυσιτελήσει
1106 1708 1194 1796 αὐτῷ

131 1830 163 1879 1⁸
183 1816 366 1882 ἐκκαλεῖται
388 1818 471 1901 πρὸς
493 1817 553 1899 τήν
573 1814 769 1902 ἐπιμέλειαν.
814 1817 854 1882 κά
872 1818 989 1882 παιδία
1008 1817 1048 1881 τὰ
1066 1815 1195 1880 πιθανὰ
1208 1835 1235 1876 ιε
1310 1871 1311 1880 ,

182 1919 238 1985 καὶ
266 1921 385 2006 δριμέα
411 1923 485 1987 τίνα
514 1922 575 1987 οὐκ
604 1921 787 1988 ἐκκαλεῖται
819 1925 902 2009 πρὸς
932 1925 970 1989 τὸ
1002 1924 1196 2006 συμπαίζειν
1309 1953 1311 1982 ι

184 2026 296 2102 αὐτοῖς
322 2022 378 2090 καὶ
406 2025 582 2114 συνέρπειν
605 2026 660 2093 καὶ
687 2033 771 2115 πρός
792 2031 830 2096 τὸ
853 2031 1100 2115 συμψελλίζειν;
1128 2029 1196 2116 όνφ

184 2127 221 2196 δὲ
239 2133 288 2209 τίς
305 2137 526 2219 προθυμεῖται
546 2137 740 2219 συμπαίζειν
759 2133 780 2218 ή
800 2141 1045 2219 συνογκῖισθαις
1063 2132 1195 2219 καὶγὰρ

183 2237 215 2302 εί
236 2240 367 2323 μικρόν,
390 2237 478 2322 ὅμως
501 2238 639 2325 όνάριόν
662 2238 761 2305 ἐστιν.

133 2360 164 2409 19
256 2346 298 2409 Τί
323 2338 385 2410 οὖν
412 2367 469 2429 μοι
497 2341 608 2444 οὐδὲνὓ
626 2344 744 2429 λέγεις;
775 2379 816 2393 -
842 2342 968 2412 Ἰῶιεῑνο
997 2348 1103 2431 μόνον
1132 2347 1194 2430 ἔχω
1208 2366 1234 2406 ιο

185 2467 237 2516 σοι
261 2451 382 2534 είπεῖν,
405 2449 455 2516 ὅτι
479 2451 497 2518 ὁ
522 2451 665 2537 ἀγνοῶν,
687 2455 736 2529 τίς
759 2450 905 2518 ἐστικαὶ
928 2450 982 2517 ἐπὶ
1004 2455 1039 2518 τί
1058 2450 1196 2536 γέγονεν

184 2555 239 2622 καὶ
262 2557 299 2624 ἐν
321 2561 388 2625 τίνι
408 2559 514 2648 τοότφ
533 2567 577 2646 τςθ
597 2560 710 2647 κόσμφ
729 2556 783 2623 καὶ
802 2560 883 2643 μετὰ
901 2562 1004 2625 τίνων
1021 2569 1194 2624 κοινωνῶν

185 2661 239 2728 καὶ
261 2666 338 2729 τίνα
360 2665 400 2729 τά
424 2663 536 2747 ἀγαθοί
559 2664 629 2730 ἐστι
652 2662 707 2729 καὶ
730 2665 770 2728 τδ
794 2666 877 2729 κακά
899 2663 955 2730 καὶ
977 2666 1018 2730 εδ
1038 2665 1121 2730 καλά
1139 2662 1193 2730 καὶ

184 2770 224 2834 τδι
238 2769 368 2855 αίσχρά,
385 2767 440 2834 καὶ
454 2773 535 2855 μήτε
549 2772 637 2860 λόγφ
650 2776 917 2855 παρακολουθῶν
930 2768 1003 2855 μήτ’
1021 2770 1195 2854 ἀποδείξει,
1310 2791 1311 2848 ι

185 2877 265 2959 μήτε
296 2877 332 2939 τί
360 2872 450 2939 ἐστιν
483 2871 606 2960 ἀληθὲς
637 2875 658 2960 ή
690 2879 726 2942 τί
750 2878 888 2962 ψεῦδος,
916 2879 995 2961 μήτε
1029 2879 1195 2962 διακρῖναι
1208 2896 1234 2937 ιε
1310 2915 1311 2924 ι

185 2988 286 3044 ταῦτα
315 2979 500 3064 δυνάμενος
528 2979 597 3046 οὔτ’
630 2979 774 3068 όρέξεται
801 2984 884 3048 κατά
910 2983 1015 3067 φύσιν
1047 2980 1117 3048 οὔτ’
1147 2981 1196 3048 ἐκ·
1309 3057 1311 3086 A

186 3091 294 3152 κλινεῖ
315 3082 392 3152 οὔθ’
419 3086 556 3172 ὁρμήσει
580 3085 648 3154 οὔτ’
677 3087 895 3173 ἐπιβαλεῖται,
925 3089 966 3153 οὐ
990 3091 1196 3173 συγκαταθή-
1310 3121 1311 3128 ¹

186 3210 292 3277 σεται,
319 3193 381 3259 οὐκ
404 3192 597 3279 ἀνανεύσει,
624 3194 685 3260 οὐκ
708 3193 830 3280 ἐφέξει,
857 3196 894 3260 τὸ
919 3195 1064 3260 σύνολον
1087 3197 1196 3280 κωφὸς

234 3381 389 3438 ’θείδότιι
407 3382 441 3438 S.-
463 3400 532 3439 corr.
553 3383 636 3440 δαίετο.
668 3388 678 3457 ΙΙ
711 3391 865 3455 ῖφαρμιῖν
884 3386 907 3442 S
923 3389 967 3454 (ut
984 3385 1053 3455 vid.)
1085 3388 1095 3455 ή
1127 3385 1196 3440 sav

187 3453 232 3514 Se:
251 3453 284 3509 ἀι
302 3453 396 3508 θκοκ
414 3454 512 3524 δήνεα
535 3450 571 3519 ἦν
588 3458 620 3509 ι’νι
638 3473 668 3511 ιο
687 3471 741 3511 esse
758 3457 826 3510 νιῖῖιῖ
843 3459 931 3512 visum
949 3461 988 3512 est
1018 3458 1028 3526 ΙΙ
1061 3462 1094 3511 10
1114 3454 1144 3518 ὃς
1162 3455 1196 3511 ἂν

186 3523 271 3585 αὐτὸς
291 3523 318 3579 O.
338 3523 453 3580 Schenkl
484 3527 494 3592 ή
526 3529 560 3578 28
578 3526 689 3594 καφλδς
707 3526 739 3582 S.-
756 3541 860 3583 eorm
