2636 3922
108 181 137 238 (1,
152 187 184 238 τι,
200 183 288 232 ιε-εε)
409 172 562 225 ΒΙΒΔΙΟΝ
581 171 739 225 ΠΡΩΤΟΝ.
763 171 825 226 κδ’.
1082 170 1125 235 93

107 358 188 417 ται,
216 333 366 417 βλάψαι
393 330 423 398 δ’
451 333 507 399 οὔ.
551 330 606 398 καί
629 332 730 399 πάλιν
762 334 799 397 εί
824 333 944 419 ταύτη
973 342 1023 422 τῷ
1045 341 1125 422 θεῷ

107 443 245 524 φίλον,
277 440 398 526 ταάτη
426 438 608 523 γινέσθω.
660 439 743 506 ἀλλά
772 438 883 518 δεῖξον
913 439 963 505 ὅτι
990 443 1126 526 χείρονα
1147 458 1178 506 19

107 549 197 630 ἔχων
220 547 369 630 δόγματα
390 558 506 631 κρατεῖ
525 555 589 636 τοῦ,
608 550 797 632 κρείττονος
819 545 856 612 ἐν
876 547 1048 631 δόγμασιν.
1085 547 1126 612 οὐ
1194 538 1197 545 ’

108 652 231 731 δείξεις
245 649 318 718 οὐδ’
337 651 443 736 ἐγγύς.
475 656 577 737 νόμος
595 653 659 739 γὰρ
677 663 736 736 τής
749 654 881 737 φύσεως
894 651 949 718 καὶ
967 663 1028 719 τοῦ
1041 660 1127 720 θεοῦ

78 780 93 820 ε
108 755 211 836 οὗτος
223 760 267 825 τὸ
282 771 470 844 κρεῖσσον
485 757 546 824 ἀεὶ
562 758 830 842 περιγινέσδω
849 768 919 824 τοῦ
936 763 1126 845 χείρονος.

108 865 150 932 ἐν
171 869 253 942 τίνι;
285 865 321 931 ἐν
350 859 376 952 ᾧ
399 869 555 950 κρεῖσσόν
579 864 657 931 ἐστι.
704 877 797 949 σῶμα
822 867 971 949 σώματος
994 868 1126 952 ίσχυρό-
1146 882 1180 932 20

108 995 220 1059 τερον,
240 973 276 1038 οί
289 975 441 1050 πλείονες
458 982 520 1038 τοῦ
539 969 624 1055 ἑνός,
644 973 662 1038 ὁ
680 971 820 1055 κλέπτης
836 981 897 1038 τοῦ
912 973 956 1056 μή
975 970 1126 1038 κλέπτου.

109 1079 168 1144 διὰ
191 1088 290 1145 τοῦτο
312 1077 403 1162 κάγὼ
427 1081 486 1146 τὸν
505 1080 630 1164 λύχνον
649 1077 813 1162 ἀπώλεσα,
836 1078 886 1144 ὅτι
906 1077 943 1143 ἐν
961 1086 1006 1166 τῷ
1026 1079 1126 1164 άγρυ-
1145 1095 1178 1144 21

107 1197 208 1252 πνεῖν
236 1209 302 1270 μου
329 1189 493 1268 κρείσσων
515 1180 558 1269 ἦν
585 1185 605 1252 δ
632 1183 779 1270 κλέπτης.
825 1181 897 1250 ἀλλ’
926 1184 1051 1261 ἐκεῖνος
1073 1207 1127 1250 το·

69 1314 95 1352 ιο
110 1293 237 1358 σούτου
261 1293 412 1376 ὠνήσατο
432 1293 568 1378 λύχνον·
590 1289 665 1356 ἀντὶ
684 1293 809 1378 λύχνου
828 1288 967 1375 κλέπτης
985 1287 1128 1374 ἐγένετο,

109 1395 186 1463 ἀντὶ
215 1399 341 1483 λύχνου
369 1400 527 1481 άπιστος,·
548 1395 621 1462 άντδ
651 1399 776 1482 λύχνου
802 1397 983 1482 θηριώδης.
1029 1405 1127 1463 τοῦτο

55 1513 58 1518 ’
108 1502 227 1582 ἔδοξεν
250 1504 339 1592 αὐτῷ
363 1509 557 1570 λυσιτελεῖν.

170 1607 291 1674 Ἔστω·
315 1607 386 1676 ἀλλ’
410 1613 563 1694 είληπταί
578 1609 645 1693 μού
663 1633 712 1685 τις
729 1618 789 1675 τοῦ
813 1609 944 1692 ίματίου
967 1608 1022 1674 καὶ
1041 1609 1127 1675 ἕλκει
1146 1627 1180 1675 22

108 1737 151 1799 με
176 1716 224 1791 είς
245 1717 307 1799 τήν
329 1714 468 1801 ἀγοράν,
487 1711 560 1782 ,εἶτα
580 1715 877 1800 ἐπικραυγάζουσιν
899 1717 996 1782 άλλοι
1021 1714 1128 1800 ’φιλό-
1206 1759 1209 1764 -

68 1845 93 1884 ιε
109 1837 216 1906 σοφε,
247 1825 283 1886 τί
307 1839 343 1888 σε
372 1820 520 1911 ὠφέληκε
548 1823 588 1913 τά
612 1825 773 1906 δόγματα;
807 1823 883 1886 ίδοὺ
913 1822 997 1907 σύρη
1021 1822 1069 1897 είς
1090 1824 1128 1888 τὸ

110 1929 353 2014 δεσμωτήριον,
376 1929 452 1994 ἰδοὺ
475 1927 605 2013 μέλλεις
627 1926 970 2014 τραχηλοκοπείσθαί.
995 1965 1037 1974 --
1061 1926 1128 1992 Καὶ
1147 1944 1180 1993 τε

109 2037 212 2101 ποίαν
235 2032 359 2119 ἔπραξα
382 2033 425 2100 διν
447 2037 648 2119 εἰσαγωγήν,
676 2032 736 2118 ἵν’,
759 2034 802 2100 άν
825 2036 1037 2121 ἰσχυρότερος
1059 2034 1128 2100 ἐπι-

112 2139 257 2224 λάβηταί
281 2163 347 2224 μου
374 2150 435 2206 τοῦ
464 2139 611 2225 ἱματίου,
640 2143 684 2225 μή
713 2141 880 2224 σύρωμαι;
912 2141 984 2225 ἵνα,
1017 2142 1059 2205 άν
1088 2165 1127 2224 με

112 2244 193 2310 δέκα
215 2245 476 2330 περισπάσαντες
498 2247 546 2322 είς
567 2247 605 2311 τὸ
630 2247 857 2329 δεσμωτήριον
880 2244 1060 2329 ἐμβάλωσι,
1082 2248 1126 2330 μή

69 2376 95 2416 νο
111 2351 285 2436 ἐμβληδῶ;
316 2352 398 2416 άλλο
421 2345 484 2417 οὖν
508 2347 608 2417 οὐδὲν
632 2353 776 2435 ἔμαθονς
802 2354 945 2434 ἔμαθον,
972 2351 1028 2416 ἵνα
1050 2362 1127 2416 πᾶν
1146 2369 1181 2417 24

110 2460 154 2524 τὸ
174 2461 388 2542 γινόμενον
408 2459 477 2522 ίδω
498 2459 574 2541 ὅτι,
596 2456 643 2522 άν
663 2456 926 2540 ἀπροαίρετον
944 2450 983 2542 ᾖ,
1006 2456 1126 2522 οὐδέν

110 2563 196 2628 ἐστι
214 2566 311 2648 πρὸς
330 2562 404 2647 ἐμέ.
440 2565 523 2650 πρὸς
536 2573 634 2630 τοῦτο
649 2558 711 2628 οὖν
731 2563 792 2627 οὐκ
811 2560 994 2647 ὠφελήσαις
1014 2565 1049 2627 τί
1063 2558 1127 2630 οὖν
1146 2580 1179 2629 25

110 2669 151 2736 ἐν
169 2653 261 2758 άλλῳ
281 2672 384 2753 ζητεῖς
401 2671 463 2754 τήν
477 2667 640 2755 ὠφέλειαν
654 2669 675 2754 ή
691 2669 727 2734 ἐν
741 2662 767 2758 ᾧ
783 2671 918 2753 ἔμαθεςι
938 2672 1127 2754 καθήμενος
1146 2687 1179 2735 26

111 2777 233 2842 λοιπὸν
256 2774 293 2841 ἐν
320 2785 359 2862 τή
383 2782 515 2861 φυλακή
539 2775 623 2860 λέγω
648 2771 757 2852 ὀὗτος
775 2776 793 2841 ὁ
812 2785 915 2842 ταῦτα
933 2776 1126 2862 κραυγάζων

69 2906 95 2946 ιο
110 2883 190 2947 οὔτε
213 2890 273 2948 τοῦ
296 2882 542 2968 σημαινομένου
565 2882 679 2948 ἀκούει
701 2883 777 2950 οὔτε
795 2891 841 2970 τῷ
859 2880 1127 2972 λεγομένωπαρ-

110 2993 297 3055 ακολουθεῖ
326 2989 402 3054 οὔτε
434 2988 522 3066 ὅλως
555 2987 736 3075 μεμέληκεν
770 2988 858 3077 αὐτῷ
892 2987 1016 3054 είδίναι
1051 2987 1127 3076 περὶ

186 3205 254 3268 1sq.
274 3199 347 3254 Plat.
368 3198 435 3255 crit.
449 3219 478 3270 p.
492 3205 526 3254 43
537 3199 568 3268 d;
587 3198 675 3254 Ench.
690 3203 732 3267 53,
748 3203 773 3253 3.

184 3393 354 3449 δτοσοάτον
372 3411 398 3448 s:
417 3401 550 3448 τοσοῦτον
569 3393 599 3461 S,
621 3393 807 3452 voooz'nmvS„
838 3395 847 3463 ΙΙ
886 3397 918 3446 12
938 3393 1130 3447 λυσιτελεῖνδ

110 3469 238 3596 §mm
258 3483 277 3520 a
295 3481 327 3520 m.
344 3467 402 3535 pr.)
437 3466 447 3533 11
483 3469 517 3518 22
536 3465 679 3533 ὠφελήσω
697 3463 719 3520 S
740 3468 833 3533 (ονγιν
850 3470 887 3532 no
904 3467 1032 3530 rasum:
1055 3479 1125 3517 εονν.
