2650 3930
132 195 173 251 (Η,
188 200 220 251 10,
235 199 322 249 ετ-ιι,
337 193 372 244 ιε)
412 183 565 236 BIBAION
583 183 783 236 ΔΕἸῪΕΡΟΝ.
804 179 836 239 ι’.
857 179 909 236 ια’.
1083 179 1148 246 135

131 355 268 431 ποιῆσαι
290 343 346 410 καί
369 345 388 410 ό
410 368 444 410 τι
462 345 503 411 ού
521 345 576 410 δεῖ
594 313 729 428 ποιήσαι
746 346 797 422 τίς
814 344 876 410 ούκ
895 346 980 431 ἔχων
998 346 1147 430 ἔμφυτον

132 455 268 520 ἔννοιαν
301 451 481 537 έλήλυθενς
517 452 574 517 διδι
605 461 703 518 τοῦτο
734 452 854 529 πάντες
885 452 1042 538 χρώμεθα
1074 463 1181 529 τοίςε

132 559 275 644 ὀνόμασι
296 557 352 624 καὶ
375 557 572 645 ἐφαρμόζειν
589 559 782 644 πειρώμεθα
801 558 859 635 τὰς
876 560 1058 644 προλήψεις
1075 569 1147 635 ταῖς

132 664 186 731 ἐπὶ
209 664 332 752 μέρους
354 664 490 742 οὐσίαις.
530 670 638 743 καλῶς
661 663 826 750 ἐποίησεν,
852 666 1070 750 δεόντως,οὐ
1094 666 1182 730 δε-ο

104 775 250 849 δόντας·
273 773 449 858 ήτύχησεν,
468 771 661 858 εύτύχησεν·
685 772 800 849 ἄδικός
818 770 898 854 έστι,
921 772 1049 849 δίκαιός
1069 770 1146 837 έστι.

129 883 181 956 τίς
207 879 303 963 ήμών
330 879 479 964 φείδεται
505 879 634 944 τούτων
661 889 729 943 τών
757 879 948 961 ὀνομάτώνς
975 881 1025 954 τίς
1051 878 1147 962 ήμῶν

131 984 353 1070 ἀναβάλλεται
378 986 441 1070 τήν
468 994 587 1069 χρήσιν
614 984 726 1050 αὐτῶν
753 982 847 1071 μέχρι
875 983 967 1069 μάθῃ
994 983 1147 1070 καθάπερ

130 1103 200 1158 τῶν
221 1089 298 1178 περὶ
320 1092 378 1169 τάς
399 1092 551 1177 γραμμὰς
573 1090 594 1174 ή
617 1094 696 1168 τοὺς
717 1093 893 1176 φθόγγους
915 1090 951 1156 οί
975 1090 1037 1155 οὐκ
1059 1092 1147 1156 εἰδό-

130 1221 198 1279 τεςς
221 1194 396 1264 τούτουδ’
424 1203 533 1264 αίτιον
555 1199 592 1264 τὸ
615 1198 708 1281 ήκειν
731 1199 795 1282 ήδη
818 1199 893 1263 τινά
913 1197 979 1264 ὑπὸ
1002 1206 1060 1281 τής
1081 1198 1146 1282 φύ-
1165 1214 1181 1263 6

89 1323 117 1364 1⁰
132 1321 216 1382 σεως
241 1305 325 1369 κατὰ
351 1305 411 1370 τὸν
436 1307 541 1370 τόπον
570 1304 679 1388 ὥσπερ
708 1303 983 1389 δεδιδαγμένους,
1012 1299 1120 1390 ἀφ’
1098 1328 1147 1370 ων

131 1411 321 1543 ὁρμώμενοι
342 1387 398 1475 κάλ
420 1411 483 1495 τήν
501 1416 612 1493 οίησιν
629 1412 906 1496 προσειλήφαμεν.
928 1446 967 1458 -
983 1412 1053 1476 Λιδ
1070 1412 1146 1496 <τι>
1167 1427 1183 1476 7

130 1518 212 1605 γάρ,
239 1521 359 1602 φησίν,
389 1516 499 1583 οὐκο
480 1512 557 1582 οίδα
580 1515 643 1600 ἐγὼ
667 1519 704 1582 τὸ
727 1519 831 1582 καλὸν
853 1515 968 1583 καὶτὸ
992 1519 1144 1603 αίςσχρόν

132 1623 195 1690 οὐκ
216 1626 280 1710 ἔχω
304 1626 440 1690 ἔννοιαν
462 1623 580 1700 αὐτούς
607 1619 777 1707 -Ἔχεις
806 1658 849 1670 -
879 1623 951 1688 Οὐκ
973 1622 1120 1709 έφαρμόζ
1120 1647 1146 1688 ω

130 1740 200 1807 τοῖς
228 1727 283 1794 έπλ
309 1727 517 1815 μέρουςς-
540 1727 706 1814 Ἐφαρμόζ
705 1751 828 1803 εις.·-
863 1725 914 1793 Ού
943 1733 1051 1805 καλῶς
1083 1724 1182 1795 οὖνὸ

88 1853 116 1896 ιο
132 1834 380 1922 ε’φαρμόζως-
345 1831 565 1900 -Ἕλνταύθά
584 1833 653 1900 έστι
675 1835 754 1911 τὸζ
737 1835 860 1917 ζήτημα
880 1843 947 1898 πᾶν
965 1832 1021 1899 καί
1039 1840 1147 1918 οἴησις

131 1941 279 2008 ἐνταῦθα
302 1942 524 2026 προσγίνεται.
544 1934 627 2026 ἀφ’
649 1937 928 2025 ὁμολογουμένων
951 1939 1014 2026 γάρ
1038 1939 1147 2027 δρμώ-

130 2070 227 2133 μενοι
245 2049 374 2113 τούτων
392 2045 446 2113 έπλ
463 2048 501 2113 τὸ
522 2045 836 2131 ἀμφισβητούμενον
855 2047 1062 2130 προάγουσιν
1078 2047 1145 2114 ὑπὸ

129 2162 187 2238 τής
209 2153 440 2237 άκαταλλήλου
465 2151 661 2238 έφαρμογής.
707 2152 752 2230 ώς
779 2159 814 2217 εί
838 2177 876 2237 γε
899 2151 1075 2220 καὶτοῦτο
1098 2155 1146 2219 ἔτι
1165 2172 1182 2220 9

129 2263 215 2347 πρὸς
237 2259 377 2337 ἐκείνοις
398 2257 586 2343 ἐκέκτηντο,
615 2262 651 2323 τί
672 2257 816 2324 ἐκώλυεν
843 2257 965 2336 αύτούς
987 2256 1073 2326 εἶναι
1095 2283 1147 2326 τε-

89 2369 256 2445 εολείουςς
283 2375 349 2432 νῦν
372 2361 402 2430 δ’
431 2362 501 2430 ἐπεὶ
524 2366 633 2441 δοκεῖς
660 2365 710 2429 ὅτι
733 2361 788 2429 καὶ
810 2367 1022 2450 καταλλήλας
1045 2364 1145 2451 έφαρ-
1166 2384 1201 2434 10

130 2475 240 2558 μόζεις
261 2472 320 2548 τὰς
341 2473 524 2557 προλήψεις
545 2481 615 2548 τοῖς
637 2468 690 2536 ἐπὶ
713 2469 845 2557 μέρους,
869 2468 942 2536 είπέ
962 2495 1019 2556 μοι
1037 2475 1146 2538 πόθεν

129 2588 229 2645 τοῦτο
257 2577 450 2663 λαμβάνειςς
477 2613 522 2624 -—
544 2575 617 2642 Ὅτι
649 2577 743 2642 δοκεῖ
772 2601 839 2662 μοι.
870 2613 907 2624 -
943 2581 1049 2644 Τοῦτο
1082 2573 1145 2645 οὖν

130 2709 198 2751 τινι
222 2681 264 2750 ού
287 2681 455 2750 δοκεῖκαὶ
478 2689 582 2749 οἴεται
604 2680 660 2748 καὶ
683 2679 782 2760 αὐτὸς
804 2682 1001 2769 ἐφαρμόζειν
1023 2690 1145 2764 καλῶς·

130 2791 151 2876 ἢ
180 2787 244 2857 οὐκ
271 2795 389 2868 οίεταις
416 2826 454 2836 -
485 2794 607 2854 Οίεται.
635 2825 679 2836 -
706 2790 868 2855 Δύνασθε
898 2785 960 2856 οὖν
991 2790 1067 2878 περὶ
1097 2787 1145 2858 ών
1166 2809 1198 2858 11

90 2915 117 2958 ει
130 2899 171 2965 τά
200 2899 369 2984 μαχόμενα
401 2894 550 2974 δοξάζετε
586 2894 768 2980 ἀμφότεροι
801 2898 1013 2980 καταλλήλας
1044 2898 1145 2985 ἐφαρ-

131 3008 244 3089 μόζειν
267 3003 325 3080 τάς
346 3005 541 3087 προλήψειςς
563 3039 601 3050 -
625 2998 676 3066 Οὐ
693 3001 876 3086 δυνάμεθα.
897 3039 935 3052 -
952 3002 1062 3090 Ἔχεις
1083 2999 1146 3071 οὖν
1165 3021 1200 3071 12

203 3237 300 3302 4p08t
321 3225 453 3300 ἐποίησεν
476 3230 538 3302 Πγί.
561 3231 627 3288 αδδ.
646 3230 701 3304 <ού
724 3233 847 3307 καλῶς),
871 3230 955 3288 δάκε.
978 3231 1033 3305 (ού
1056 3237 1147 3296 καλῶς

132 3332 286 3428 ἐποίησεν)
322 3339 333 3407 ΙΙ
373 3335 520 3408 δεόντως(
521 3338 646 3407 ανίτού)
664 3354 690 3392 ει
709 3321 896 3408 δέοντωςδ,
916 3336 1021 3393 δέπον
1023 3339 1111 3402 ωςδ

132 3339 1118 3493 emecesmnm.pr.(?)n112526c<vl>Uptecodaas

133 3485 166 3534 15
185 3482 218 3535 οί
213 3479 355 3550 ηισςαδι
370 3481 502 3536 crassiore
520 3481 605 3534 ἀντία
622 3487 780 3548 σκοταίους
800 3452 1087 3549 δτδποποδνείιιίή
1111 3487 1144 3535 19

133 3500 290 3606 λκώλυεδς
308 3567 377 3607 corr.
396 3550 430 3611 Sa
457 3551 468 3619 l]
503 3556 538 3604 24
557 3549 689 3606 ὃίναοδα
691 3551 754 3662 tS:
773 3567 842 3607 σοιν
861 3551 895 3612 δι
