2650 3930
129 193 170 249 (ιι
185 197 218 248 ιι,
232 191 308 243 ι-ιυ
415 184 568 236 Βιιιιιου
586 184 788 240 Ammon.
812 184 862 257 ιμ’.
1082 181 1146 246 139

128 353 174 433 τῷ
202 345 425 430 κεφαλαιώδει
451 346 489 411 τὸ
518 345 658 432 ὁρικόν’·
686 346 815 433 ῥήματα
842 347 975 432 τεχνικὰ
1002 343 1058 411 καὶ
1087 345 1145 410 διδ
1165 359 1199 408 10

127 459 227 515 τοῦτο
259 461 329 527 τοῖς
356 451 503 528 ἰδιώταις
533 453 675 538 φορτικὰ
703 450 759 517 καὶ
787 453 1143 539 δυσπαρακολούθητα,

129 551 177 621 ὧν
200 556 295 640 ἡμεῖς
316 555 499 640 ἀποστῆναι
522 555 564 623 οὐ
587 559 770 642 δυνάμεθα.
816 557 849 636 ἐξ
876 553 924 624 ὧν
947 555 976 623 δ’
1005 556 1104 635 αὐτὸς
1126 559 1145 625 δ
1167 572 1199 620 11

130 663 265 747 ἰδιώτης
287 661 526 728 ἐπακολουθῶν
548 674 620 741 ταῖς
648 664 752 730 αὑτοῦ
774 667 972 748 φαντασίαις
993 685 1147 749 παραχω-

101 776 229 855 τρῆσαι
253 765 380 834 δύναιτ’
407 768 451 832 ἀν
473 791 505 832 τι
526 767 547 852 ἢ
571 768 742 854 ἀθετῆσαι,
766 766 920 853 οὐδαμῶς
938 769 994 834 διδ
1017 771 1146 835 τούτων

128 867 232 938 αὐτὸν
262 881 395 957 κινῆσαι
428 872 612 957 δυνάμεθα.
661 872 717 940 καὶ
749 877 868 940 λοιπὸν
899 876 1035 951 εἰκότως
1066 892 1146 940 συν-
1167 891 1199 938 11

128 981 373 1062 αισθανόμενοι
399 979 520 1063 ταύτης
546 979 641 1063 ἡμῶν
667 989 726 1064 τῆς
747 979 933 1065 ἀδυναμίας
955 975 1146 1068 ἀντεχόμεθα

129 1094 189 1151 τοῦ
220 1085 421 1170 πράγματος,
454 1085 546 1162 ὅσοις
576 1083 607 1168 γ’
645 1085 718 1151 ε’στί
746 1109 778 1150 τι
810 1085 991 1170 εὐλαβείας.
1042 1087 1077 1152 oc
1107 1082 1145 1152 δὲ
1166 1103 1197 1151 13
1230 1173 1233 1178 Ι

127 1188 248 1258 πολλοὶ
261 1188 316 1256 καὶ
329 1192 448 1256 είκαῐοι
463 1189 686 1273 συγκαθέντες
699 1197 746 1269 είς
756 1215 794 1257 τι
812 1201 966 1258 τοιοῦτον
979 1193 1145 1277 φύρονται

90 1317 117 1357 ιο
129 1295 186 1362 καὶ
213 1298 359 1383 φύρουσι
387 1295 442 1362 καὶ
464 1297 505 1361 τά
526 1303 697 1363 τελευταία
719 1300 976 1384 λοιδορήσαντες
996 1297 1051 1364 καὶ
1074 1303 1146 1366 λοι-

129 1402 331 1490 δορηθέντες
353 1399 561 1488 ἀπέρχονται.

200 1511 246 1574 Το
268 1520 401 1595 πρῶτον
420 1504 458 1574 δὲ
475 1519 574 1575 τοῦτο
592 1507 647 1574 καὶ
671 1509 812 1593 μάλιστα
835 1512 925 1576 ίδιον
943 1510 1145 1597 Σωκράτους
1166 1528 1199 1576 11

129 1614 291 1699 μηδέποτε
314 1613 570 1700 παροξυνθῆναι
597 1614 635 1680 ἐν
662 1617 768 1703 λόνφ,
795 1618 957 1700 μηδέποτε
985 1616 1145 1703 λοίδορον

129 1719 417 1808 προσενέγκασθαι
436 1719 552 1805 μηδέν,
570 1717 733 1805 μηδέποθ’
756 1721 962 1807 ὑβριστικόν,
980 1721 1064 1788 ἀλλά
1078 1733 1146 1789 τῶν

89 1845 116 1885 ¹⁶
130 1828 379 1914 λοιδορούντων
397 1825 575 1910 ἀνέχεσθαι
595 1824 650 1891 καὶ
674 1827 793 1892 παύειν
815 1827 932 1912 μάχην.
978 1829 1009 1892 εἰ
1030 1826 1145 1894 θέλετε
1166 1845 1198 1895 15

130 1945 273 2018 γνῶναι,
294 1937 403 2017 πόσην
427 1931 593 2022 ἐντούτῳ
617 1934 762 2017 δύναμιν
785 1929 891 2019 εἶχεν,
914 1931 1084 2018 ἀνάγνωτε
1107 1935 1145 2001 τὸ

130 2042 347 2127 Ξενοφῶντος
368 2042 567 2124 Συμπόσιον
589 2037 644 2105 καὶ
667 2042 793 2118 ὄψεσθε
816 2043 921 2117 πόσας
943 2041 1049 2126 μάχας
1071 2042 1144 2107 δια-

130 2145 256 2213 λόλυκε.
302 2146 358 2211 διδ
380 2156 479 2212 τοῦτο
502 2147 636 2223 είκότῶς
657 2144 713 2211 καὶ
735 2147 823 2233 παρὰ
845 2158 916 2223 τοῖς
936 2159 1088 2231 ποιηταῖς
1106 2147 1143 2214 ἐν
1164 2165 1198 2214 16

129 2257 273 2342 μεγίστῳ
297 2250 422 2343 ἐπαίνῳ
445 2249 595 2317 λέλεκται
617 2252 659 2317 τό

86 2383 115 2425 20
237 2371 312 2443 αἷψά
330 2392 359 2428 τε
378 2373 427 2427 καὶ
445 2370 516 2443 μέχα
534 2378 627 2435 νεῖκος
646 2367 836 2442 ἐπισταμένως
853 2370 1039 2429 κατέπαυσεν.

200 2504 244 2566 Τί
260 2495 337 2580 οὖν;
362 2500 402 2566 ού
427 2503 502 2565 λίαν
526 2497 594 2564 ἐστὶ
617 2507 682 2564 νῦν
705 2495 849 2584 ἀσφαλὲς
871 2501 908 2564 τὸ
932 2509 1065 2583 πρᾶγμα
1089 2498 1145 2565 καὶ
1166 2517 1197 2566 17

127 2607 271 2693 μάλιστα
301 2605 339 2672 ἐν
363 2604 478 2691 Ῥώμη.
527 2608 587 2670 τὸν
618 2606 682 2689 χάρ
711 2615 872 2671 ποιοῦντα
902 2605 983 2672 αὐτὸ
1013 2605 1074 2671 οὐκ
1108 2604 1145 2671 ἐν

127 2717 235 2802 γωνίᾳ
254 2715 410 2796 δηλονότι
429 2714 540 2797 δεήσει
558 2723 679 2797 ποιεῖν,
706 2710 790 2776 ἀλλά
812 2715 1043 2798 προσελθόντα
1062 2713 1147 2778 ὑπα-

125 2829 207 2907 τικῷ
236 2842 321 2902 τινι,
352 2817 395 2884 ἀν
427 2818 514 2883 οὕτω
546 2817 644 2903 τύχη,
680 2815 744 2902 <ἣ>
785 2821 934 2907 πλουσίῳ
971 2817 1145 2884 πυθέσθαι

89 2947 115 2990 ει
130 2925 235 2991 αὐτοῦ
258 2925 359 3010 ’ἔχεις
381 2948 438 3008 μοι
460 2926 577 3009 εἰπεῖν,
601 2919 626 2988 ὦ
651 2919 758 3009 οὗτος,
786 2917 812 3012 ᾧ
836 2949 902 2990 τινι
925 2928 1003 3002 τοὺς
1025 2927 1145 3003 ἵππους
1165 2943 1199 2992 18

203 3103 237 3152 14
248 3115 288 3166 sq.
308 3097 343 3154 cf.
362 3113 435 3166 quae
454 3097 517 3154 adn.
538 3097 577 3152 ad
595 3116 616 3155 s.
633 3103 674 3155 19.

202 3175 238 3226 20
255 3169 322 3225 Hes.
341 3167 447 3238 Thoog.
463 3174 505 3225 81.

131 3271 346 3282 -.-...--—

203 3335 274 3384 Ῑτῶ
293 3327 378 3400 δρικῶ
397 3327 426 3390 Β,
456 3330 466 3398 ΙΙ
498 3324 574 3398 ῥῆμα
592 3327 627 3382 τδι
650 3329 681 3386 S:
700 3345 802 3386 eorm
833 3331 843 3399 ΙΙ
874 3329 997 3384 4αύτοδ
1016 3329 1049 3385 S:
1075 3346 1145 3387 corr.

128 3419 142 3458 ε
173 3402 183 3470 fl
215 3397 346 3455 ῶδύνατ’
362 3399 395 3456 S:
413 3416 478 3455 τοτε.
501 3399 532 3461 δι
551 3401 605 3466 (vel
623 3400 664 3468 Se)
696 3402 706 3470 ΙΙ
738 3400 860 3455 δαύτδν
883 3400 930 3462 διε
948 3400 1058 3457 αύτδδ
1086 3403 1096 3471 δ
1127 3406 1144 3456 Β

129 3489 174 3529 τι*
201 3471 347 3555 εὐλαβείας
365 3471 397 3526 S:
415 3470 457 3534 τίς
476 3471 522 3538 S„
542 3469 704 3544 εύλάβειαε
735 3473 745 3540 Ι]
777 3476 810 3526 13
829 3471 921 3540 λόχοις
944 3471 1007 3541 Upt.
1026 3489 1040 3527 τ
1059 3473 1116 3528 τού.
1135 3471 1146 3544 ΙΙ

130 3550 166 3598 24
184 3539 246 3616 (ἢ)
265 3558 318 3597 ms.
343 3540 425 3608 Wolf
