2636 3930
101 218 160 278 (111,
175 223 208 274 ιι,
222 217 312 267 ετ-οε)
424 210 578 264 ΒΙΒΛΙΟΝ
595 212 737 266 ΤΡΙΤΟΝ.
760 211 817 265 κδ’,
1055 212 1118 276 301

101 374 297 450 ύελλίζοντα
324 370 433 454 λέγειν
461 373 592 459 ἀύριον
619 371 798 458 ἀποθανῇ,
826 381 882 462 τῷ,
899 376 988 464 φίλφ
1012 374 1120 440 ὡσαύ-

101 501 166 555 τως
189 477 320 564 “αύριον
343 478 567 564 ἀποδημήσεις
586 479 606 564 ἢ
627 483 667 544 σὺ
693 479 714 564 ἢ
744 479 808 563 ἐγώ
831 478 886 545 καὶ
905 480 1016 547 ούκίτι
1039 481 1120 560 ὀψό-

101 592 191 669 μεθα
213 583 405 669 ἀλλήλους’;
420 623 464 634 -
476 584 572 651 Ἀλλά
595 586 753 671 δύσφημά
777 585 845 652 ἑστι
864 596 976 652 ταῦτα.
990 625 1035 634 -
1051 585 1118 652 Καὶ
1138 604 1172 654 89

101 693 166 778 γὰρ
189 701 258 756 τῶν
280 691 447 757 ἐπαοιδῶν
470 694 554 776 ἔνια,
577 690 649 756 ἀλλ’
673 692 725 757 ὅτι
747 693 946 778 ὠφελοῦσιν,
971 693 1032 760 ούκ
1051 693 1120 760 ἐπι-

72 795 302 884 εστρίφομαι,
332 800 438 882 μόνον
465 799 641 883 ὠφελείτω.
692 803 734 865 σὺ
762 795 800 864 δὲ
828 800 987 884 δύσφημα
1009 805 1120 878 καλεῖς

102 906 188 970 ἀλλα
210 904 231 989 ἢ
254 905 294 969 τὰ
315 914 419 970 κακοῦ
436 928 527 982 τινος
545 906 743 989 σημαντικά;
768 907 945 992 δύσφημόν
964 905 1032 971 ἐστι
1052 908 1118 972 δει-
1138 924 1171 972 90

101 1015 175 1095 λία,
205 1011 384 1096 δύσφημον
407 1009 572 1096 ἀχίννεια,
600 1009 736 1094 πένθος,
766 1012 866 1094 λύπη,
889 1011 1118 1097 ἀναισχυντία·

100 1127 206 1182 ταῦτα
224 1117 264 1181 τὰ
283 1117 430 1202 ὀνόματα
449 1118 606 1203 δύσφημα
625 1116 702 1183 ἐστι.
737 1121 899 1201 καίτοιγε
919 1114 999 1183 οὐδὲ
1017 1129 1118 1185 ταῦτα

101 1223 217 1289 ὀκνεῖν
240 1225 294 1289 δεῖ
313 1223 524 1309 φθέγγεσθαι
547 1220 632 1309 ὑπὲρ
653 1229 802 1309 φυλακῆς
820 1235 887 1290 τῶν
905 1225 1119 1311 πραγμάτων.

58 1350 85 1390 10
101 1319 281 1415 δύσφημον
313 1326 354 1394 δέ
382 1355 438 1416 μοι
470 1329 577 1413 λέγεις
605 1332 710 1414 ὄνομα
737 1340 882 1415 φυσικοῦ
914 1355 1005 1409 τινος
1035 1332 1118 1416 πρά-
1137 1348 1170 1396 91

99 1459 226 1521 χματος
253 1439 470 1520 σημαντικύν;
498 1435 572 1520 λέγε
601 1437 778 1522 δύσφημον
806 1433 892 1502 εἶναι
922 1436 978 1502 καὶ
1000 1440 1037 1504 τὸ
1059 1446 1119 1503 θε-

101 1549 263 1628 ρισθῆναι
290 1546 369 1620 τοὺς
396 1542 551 1626 στάχυας·
584 1541 752 1607 ἀπώλειαν
779 1543 842 1627 γὰρ
872 1546 1024 1626 σημαίνει
1051 1554 1118 1609 τῶν

102 1650 269 1733 σταχύων·
293 1645 365 1714 ἀλλ’
388 1648 429 1713 ού
448 1656 508 1713 τοῦ
526 1649 663 1732 κόσμου.
708 1645 782 1730 λέχε
807 1648 984 1733 δύσφημον
1007 1646 1118 1715 καὶτὸ

101 1760 328 1842 φυλλορροεῖν
355 1752 410 1820 καὶ
437 1755 475 1820 τὸ
504 1753 623 1838 ἰσχάδα
649 1757 805 1836 γίνεσθαι
833 1751 907 1818 ἀντὶ
937 1754 1040 1819 σύκου
1063 1752 1119 1819 καὶ

58 1879 86 1921 15
102 1861 288 1946 ἀσταφίδας
315 1859 351 1925 ἐκ
378 1868 434 1943 τῆς
462 1864 640 1945 σταφυλῆς,
689 1859 796 1924 πάντα
827 1860 890 1945 γὰρ
918 1868 1020 1924 ταῦτα
1050 1871 1118 1926 τῶν
1137 1876 1171 1925 92

101 1965 275 2054 προτέρων
294 1965 380 2033 εἰσὶν
398 1968 447 2043 είς
465 1965 558 2053 ἕτερα
577 1968 768 2051 μεταβολαί·
788 1964 849 2031 οὐκ
863 1965 1020 2050 ἀπώλεια,
1034 1965 1118 2031 ἀλλά

101 2070 283 2157 τεταγμένη
314 2096 364 2149 τις
393 2074 566 2156 οἰκονομία
596 2069 652 2137 καὶ
682 2072 853 2155 διοίκησις.
905 2069 994 2137 τοῦτ’
1027 2075 1118 2138 ἔστιν
1136 2088 1170 2137 93

102 2179 285 2263 ἀποδημία,
310 2176 392 2260 [καὶ]
412 2179 577 2263 μεταβολὴ
597 2178 708 2264 μικρά·
732 2187 830 2243 τοῦτο
848 2178 1005 2262 θάνατος,
1023 2203 1119 2263 μετα-

102 2287 188 2371 βολὴ
216 2288 335 2370 μείζων
363 2283 399 2349 ἐκ
425 2293 486 2349 τοῦ
508 2293 574 2349 νῦν
602 2285 697 2360 ὄντος
727 2283 831 2366 <ούκ>
859 2285 907 2360 είς
933 2287 970 2350 τὸ
999 2286 1043 2370 μὴ
1067 2287 1118 2369 ύν,

58 2413 88 2454 εο
103 2390 175 2457 ἀλλ’
211 2393 259 2468 είς
287 2392 324 2456 τὸ
354 2398 418 2455 νῦν
448 2391 492 2474 μη
523 2391 572 2454 ύν.
600 2427 645 2436 -
676 2387 796 2453 Οὐκέτι
827 2383 889 2454 οὖν
912 2390 1042 2475 ἔσομαι;
1073 2428 1118 2439 -
1137 2406 1172 2455 94

106 2497 178 2564 Οὐκ
201 2500 281 2563 ἔσει·
306 2493 379 2562 ἀλλ’
404 2497 488 2561 ἀλλο
507 2518 549 2577 τι,
573 2490 614 2560 ού
633 2504 698 2560 νῦν
721 2495 739 2560 ὁ
763 2497 885 2579 κόσμος
907 2498 1021 2581 χρείαν
1042 2498 1117 2584 ἔχει.

103 2606 160 2670 καί
188 2604 251 2690 γὰρ
275 2607 316 2669 σὺ
341 2601 458 2686 ἐγένου
481 2601 542 2686 οὐχ
571 2601 624 2666 ὅτε
649 2604 690 2666 σὺ
713 2599 896 2686 ἠθέλησας,
923 2600 996 2667 ἀλλ’
1022 2601 1076 2666 ὅτε
1100 2602 1118 2667 δ

104 2714 229 2795 κόσμος
251 2713 366 2797 χρείαν
390 2712 493 2794 ἔσχεν.

105 2872 213 2936 σθῆναι
231 2866 388 2936 δύσφημον.
400 2864 531 2918 -Εοολι,
542 2869 570 2918 3:
590 2861 626 2918 ἂν
646 2864 761 2917 παιδίον
781 2871 884 2917 σαυτοῦ
903 2865 1060 2932 καταφιλῇς
1073 2893 1117 2929 --,

106 2939 149 2994 ὅτι
168 2937 324 3007 ἀνδρωπον
343 2939 521 3004 καταφιλεῖς·
541 2932 742 2996 ἀποθανόντος
759 2933 813 3003 γὰρ
832 2935 865 2988 ού
883 2931 1059 3024 ταραχδύση.

179 3014 235 3063 14ε
256 3026 282 3077 q.
301 3008 339 3063 M.
358 3009 423 3063 Ant.
441 3014 482 3073 11,
497 3012 544 3060 35:
566 3001 691 3074 Ὀμφαξ,
715 3004 855 3073 σταφυλή,
879 3023 994 3072 σταφις,
1024 3003 1118 3058 πάντα

106 3026 266 3152 μεταβολάλ,
287 3079 337 3133 ούκ
357 3075 396 3141 είς
414 3077 445 3132 τδ
464 3076 501 3148 μή
522 3076 563 3144 ἀν,
582 3073 643 3130 ἀλλ’
666 3074 707 3138 είς
723 3075 754 3130 τὸ
774 3083 826 3130 νῦν
845 3074 882 3146 μὴ
902 3075 943 3130 (a.

179 3226 195 3273 6
214 3218 376 3292 δύσφημ[ύν
401 3215 458 3274 ἐστι
482 3219 573 3273 δειλία
595 3217 759 3288 δ]ύσφημον
782 3216 816 3286 S,
837 3217 883 3272 sed
903 3217 946 3272 ita
962 3221 995 3270 at
1013 3217 1119 3270 litterae

105 3293 186 3347 ναοίε
203 3292 325 3346 inclusae
350 3309 367 3345 a
385 3290 414 3352 S„
432 3292 463 3345 ιἰι
481 3305 582 3344 τιιεεαα
595 3289 737 3344 ἀκούονται
751 3289 803 3343 zat.
818 3294 948 3343 exaratae
961 3289 1032 3351 τίκα·
1051 3285 1066 3340 ό
1085 3303 1119 3340 ετ

106 3383 125 3416 α
144 3377 213 3418 corr.
232 3362 341 3418 videtur
380 3363 391 3431 ΙΙ
433 3366 466 3414 10
486 3360 575 3429 ὄνομα
594 3359 643 3420 διε
663 3358 728 3421 ὄνος
745 3359 768 3412 S
801 3362 810 3430 ΙΙ
849 3366 881 3413 14
901 3361 1067 3427 φολλοροεῖν
1086 3356 1119 3412 S:

106 3450 176 3489 τοτε.
196 3431 225 3493 80
254 3435 265 3502 ΙΙ
297 3437 330 3486 18
350 3431 425 3503 [καὶ]
440 3432 491 3486 del.
511 3431 573 3501 apt.
601 3432 611 3499 n
639 3435 672 3484 19
691 3429 785 3503 <οάκ>
804 3448 822 3484 a
840 3430 872 3490 δι
893 3436 957 3485 ουλε
976 3427 1015 3491 είς
1032 3430 1118 3482 inser·

105 3510 173 3572 tam,
191 3503 238 3558 sed
250 3519 348 3558 κατεαε
361 3504 477 3558 deleam
495 3509 520 3558 et
538 3507 602 3557 αντε
620 3495 651 3554 ἐκ
670 3502 837 3557 translatam
854 3506 893 3556 est
915 3502 924 3570 ΙΙ
947 3505 980 3556 21
1001 3499 1052 3554 οὐκ
1066 3499 1117 3553 ἀεί.

106 3580 132 3630 et
149 3580 213 3630 ante
232 3570 289 3643 ἔχει
307 3575 358 3629 ins.
383 3574 462 3643 Upt.,·
481 3572 526 3627 ού·
548 3570 596 3644 ἔτη
617 3571 646 3627 0.
665 3571 780 3628 Schenkl
