2636 3922
188 179 253 244 114
333 180 517 235 APPIANO‘I'
534 179 609 234 ΤΩΝ
626 179 845 232 ΕΙΠΚΤΗΤΟΤ
861 179 1056 232 ΔΙΑΤΡΙΒΩΝ

149 360 167 408 3
186 337 459 426 ἐπισεσυρμένον;
483 339 526 407 δν
544 347 681 425 μιμῆται
698 342 777 418 τοὺς
793 341 1003 425 κυβεύοντας.
1040 341 1078 406 αί
1093 349 1203 426 ψῆφοι

186 446 378 532 ἀδιάφοροι,
407 446 443 512 ολ
461 446 560 530 κύβοι
583 444 776 532 ἀδιάφοροι·
804 449 913 512 πόθεν
935 442 1069 513 οἶδατί
1088 444 1203 531 μέλλει

186 555 333 629 πίπτειν;
365 559 411 640 τῷ
442 556 578 618 πεσόντι
605 547 638 617 δ’
669 551 829 637 ἐπιμελῶς
857 550 913 618 καὶ
939 564 1094 639 τεχνικῶς
1120 561 1202 638 γρῆ-

150 667 286 744 4σθαι,
313 669 411 726 τοῦτο
439 660 503 743 ήδη
532 656 613 743 ἐμὸν
641 660 740 747 ἔργον
768 658 867 725 ἐστίν.
913 659 1000 725 οὐτω
1022 663 1139 725 τοίνυν
1161 661 1202 725 τὸ

187 763 248 851 μέν
279 766 533 852 προηγούμενον
563 763 620 831 καὶ
652 763 706 831 ἐπὶ
736 775 798 832 τοῦ
833 769 910 851 βίου
947 768 1048 851 ἔργον
1079 764 1201 831 ἐκείνο·
1231 789 1246 830 ε

187 873 275 938 δίελε
302 873 343 938 τά
369 872 543 958 πράγματα
570 869 626 938 καὶ
654 872 835 958 διάστησον
867 869 922 938 καὶ
953 869 1024 938 είπὲ
1058 871 1109 937 ‘vd
1137 871 1201 950 ἐξω

150 978 249 1047 σούκ
281 976 332 1045 ἐπ’
363 978 449 1064 ἐμοί·
481 982 672 1064 προαίρεσις
703 976 753 1044 ἐπ’
787 978 870 1063 ἐμοί.
914 987 981 1045 πού
1004 979 1130 1062 ζητήσω
1162 980 1200 1044 τὸ

187 1084 319 1168 ἀγαθὸν
340 1083 395 1150 καὶ
418 1086 456 1150 τδ
479 1087 595 1163 κακίας
619 1087 684 1150 ἔσω
707 1083 745 1151 ἐν
766 1095 836 1162 τοῖς
859 1084 969 1170 ἐμοίς.’
1015 1084 1052 1150 ἐν
1076 1081 1113 1150 δὲ
1131 1094 1202 1161 τοϊς

187 1189 374 1275 ἀλλοτρίοις
397 1187 559 1275 μηδέποτε
586 1187 659 1274 μήτ’
688 1189 819 1274 ἀγαθὸν
842 1191 1009 1277 ὀνομάσγς
1036 1192 1115 1275 μήτε
1143 1215 1201 1255 κα-

186 1294 249 1362 κὸν
275 1292 349 1381 μήτ’
382 1294 545 1381 ἀφέλειαν
578 1299 657 1380 μήτε
689 1296 819 1381 βλάβην
850 1293 923 1382 μήτ’
956 1298 1037 1362 ἄλλο
1069 1321 1101 1362 τι
1132 1307 1200 1362 τῶν
1216 1319 1245 1358 ιο

187 1402 359 1468 τοιούτων.

151 1530 168 1580 6
258 1511 302 1573 Τί
317 1503 393 1585 οὐν;
418 1507 546 1591 ἀμελῶς
562 1508 694 1584 τούτοις
711 1507 887 1594 χρήστέον;
905 1508 1067 1593 οὐδαμῶς.
1101 1517 1201 1574 τοῦτο

186 1615 250 1698 γάρ
277 1613 379 1680 πάλιν
406 1622 445 1699 τή
472 1612 664 1700 προαιρέσει
691 1616 794 1680 κακόν
818 1613 886 1680 ἐστι
909 1612 964 1680 καὶ
986 1614 1088 1700 ταύτῃ
1110 1615 1202 1699 παρὰ

152 1742 168 1791 ‘1
187 1721 301 1805 φύσιν.
337 1717 409 1785 ἀλλ’
428 1720 495 1805 ἀμα
514 1715 575 1804 μὲν
594 1718 767 1804 ἐπιμελῶς,
785 1718 836 1784 ὅτι
853 1719 874 1803 ή
893 1727 1009 1805 χρήσις
1026 1718 1089 1785 οὐκ
1106 1717 1203 1783 ἀδιά-

187 1850 306 1912 φορον,
329 1827 395 1911 άμα
418 1822 449 1891 δ’
477 1825 649 1903 εὐσταθῶς
671 1822 725 1890 καὶ
747 1823 928 1910 ἀταράχως,
955 1824 1006 1890 ὅτι
1028 1825 1049 1909 ή
1071 1825 1135 1909 ύλτγ
1159 1824 1203 1891 οὐ
1217 1848 1244 1888 15

151 1930 403 2017 8διαφέρουσα.
449 1931 535 1997 ὅπου
563 1931 626 2015 γάρ
655 1920 699 1997 τδ
726 1931 906 2016 διάφορον,
936 1929 1005 1996 ἐκεί
1034 1931 1110 1998 ούτε
1138 1955 1203 1996 κω-

188 2040 291 2104 λῦσαί
310 2038 352 2123 μέ
372 2060 423 2114 τις
444 2037 584 2102 δύναται
612 2034 682 2102 οὐτ’
709 2036 902 2121 ἀναγκάσαι.
948 2037 1032 2103 ὅπου
1054 2039 1204 2114 κωλυτδς
1309 2081 1310 2084 =

188 2141 243 2209 καὶ
272 2143 477 2227 ἀναγκαστύς
503 2144 586 2228 εἰμι,
616 2141 753 2208 ἐκείνων
782 2143 803 2227 ή
834 2139 895 2227 μὲν
924 2142 1030 2222 τεῦξις
1058 2143 1119 2208 οὐκ
1147 2141 1198 2208 ἐπ’

189 2245 263 2334 ἐμοὶ
293 2244 365 2314 οὐδ’
392 2246 524 2331 ἀγαθὸν
553 2243 574 2332 ή
602 2251 715 2332 κακόν,
744 2248 765 2332 ή
793 2257 910 2334 γρήσις
939 2246 969 2313 δ’
1001 2245 1022 2332 ή
1049 2251 1152 2315 κακὸν
1181 2246 1202 2332 ή

153 2373 169 2422 9
190 2354 338 2440 ἀγαθόν,
365 2350 438 2420 ἀλλ’
466 2351 516 2420 ἐπ’
544 2353 627 2440 ἐμοί.
673 2354 839 2421 δύσκολον
863 2353 901 2419 δέ
927 2353 1017 2439 μῖξαι
1043 2353 1100 2420 καὶ
1122 2371 1202 2420 συν-
1217 2375 1245 2416 εο
1308 2411 1309 2440 ζ

188 2472 325 2546 αγαγείν
351 2468 470 2545 ταῦτα,
503 2459 691 2545 ε’πιμέλειαν
721 2467 782 2526 τοῦ
810 2464 1106 2546 προσπεπονθότος
1131 2473 1203 2538 ταῖς

187 2569 284 2646 ύλαις
300 2566 356 2633 καὶ
374 2567 573 2634 εὐστάθειαν
591 2573 652 2633 τοῦ
670 2565 1017 2652 ἀνεπιστρεπτοῦντος,
1035 2570 1122 2653 πλήν
1141 2567 1203 2634 οὐκ

136 2693 170 2741 10
189 2674 366 2741 ἀδύνατον.
403 2675 435 2739 εί
456 2670 494 2739 δέ
516 2677 573 2758 μή,
595 2672 763 2738 ἀδύνατον
780 2674 819 2738 τὸ
842 2653 1090 2758 εὐδαιμονήσαί.
1126 2668 1198 2740 ἀλλ’

189 2771 263 2846 οἷόν
288 2802 321 2845 τι
348 2776 402 2843 ἐπὶ
428 2788 489 2844 τοῦ
515 2783 601 2845 πλοῦ
628 2787 801 2863 ποιοῦμεν.
845 2782 881 2844 τί
900 2804 957 2864 μοι
981 2782 1136 2861 δύναται;
1164 2784 1202 2848 τὸ

189 2884 386 2964 ἐκλέξασθαι
407 2885 467 2950 τὸν
490 2885 708 2970 κυβερνήτην,
730 2887 809 2962 τούς
831 2886 963 2970 ναύτας,
985 2888 1047 2971 τήν
1065 2886 1203 2974 ήμέραν,
1218 2905 1246 2946 νε

136 3011 169 3058 11
188 2993 248 3058 τὸν
270 2993 397 3075 καιρόν.
442 2985 513 3055 εἶτα
535 2993 658 3076 χειμὼν
685 2990 879 3076 ἐμπέπτωκε.
926 2995 961 3057 τί
981 2987 1043 3058 οὐν
1070 2994 1118 3057 ἔτι
1146 3017 1203 3077 μοι

129 3078 144 3090 ⁴
189 3095 296 3182 μέλας
332 3096 372 3161 τὰ
408 3097 471 3181 γάρ
505 3095 567 3182 ἐμά
604 3095 859 3183 ἐκπεπλήρωται.
913 3100 1017 3164 άλλου
1054 3097 1144 3165 ἐστίν
1181 3099 1203 3182 ή

189 3203 365 3286 ὑπόθεσις,
391 3211 452 3268 τοῦ
479 3205 696 3288 κυβερνήτου.
745 3202 829 3269 ἀλλά
855 3202 911 3270 καὶ
940 3204 961 3287 ή
991 3213 1073 3282 ναῦς
1104 3228 1203 3271 κατα-

263 3466 277 3514 1
297 3465 421 3531 μιμεῖται
439 3461 472 3516 S.-
489 3477 558 3517 οοττ.
577 3477 591 3517 ε
621 3465 631 3532 ss
663 3468 696 3517 13
710 3464 797 3537 ταύτῃ
816 3466 893 3536 Πφί..·
911 3465 1016 3536 ταύτην
1034 3465 1122 3536 τήνδ
1141 3466 1204 3536 (τὴν

186 3538 251 3602 post
267 3530 346 3602 παρὰ
364 3538 469 3602 δτακεμ.
495 3532 568 3602 Πφλ.)
600 3535 610 3602 ΙΙ
641 3539 676 3587 24
695 3534 818 3591 δυνατόν
841 3537 922 3605 Wolf
