2608 3928
202 197 269 262 400
327 198 510 250 APPIANOT
528 199 558 251 T.
577 199 608 250 Ε.
628 199 658 250 Δ
687 197 782 252 ΒΙΒΛ,
802 199 879 250 ΤΕΤ,
900 195 949 265 ιγ’.
1019 205 1070 262 (ον,
1083 205 1217 261 ιντο-ει)

146 377 180 425 νο
199 360 300 443 λάβω.
346 356 456 436 δεῖξόν
478 381 550 442 μοι,
579 358 646 441 ὅτι,
673 358 715 422 άν
738 381 787 435 τις
814 356 880 423 τινλ
902 357 942 423 τδι
965 357 1070 424 αὑτοῦ
1094 355 1217 441 ἐξείπῃ,

198 465 324 541 ἐκεῖνος
351 467 466 541 πιστός
494 463 564 530 ἐστι
590 461 646 529 καλ
678 465 838 548 αἰδήμων.
888 465 919 528 εί
944 461 1007 548 γάρ
1035 473 1136 530 τοῦτο
1163 459 1217 546 ἦν,

198 571 262 655 ἐγὼ
290 572 542 656 περιερχόμενος
573 579 675 635 πᾶσιν
701 568 894 655 ἀνθρώποις
922 569 962 633 τὰ
995 568 1143 654 ἐμαυτοῦ
1174 569 1216 634 διν

197 680 330 761 ἔλεγον,
357 680 388 742 εί
413 677 533 743 τούτου
561 675 659 742 ἕνεκα
686 679 825 761 ἔμελλον
847 679 962 752 πιστὸς
983 673 1039 741 καὶ
1062 677 1215 761 αἰδήμων
1283 757 1284 769 ¹

199 785 343 849 ἔσεσθαι.
388 786 425 849 τὸ
445 780 474 847 δ’
499 779 589 848 ἐστὶν
608 781 649 848 ού
671 789 836 867 τοιοῦτον,
859 781 943 847 ἀλλὰ
967 783 1145 867 δογμάτων
1164 782 1245 847 δείτ

145 906 176 954 21
199 890 259 975 οὐχ
283 885 331 956 ὧν
355 893 477 974 ἔτυχεν.
512 888 554 954 δν
575 898 659 972 γοῦν
677 911 753 954 τινα
772 889 845 974 ίδης
862 887 938 975 περὶ
956 889 996 953 τὰ
1014 887 1215 974 άπροαίρετα

199 996 425 1063 ἐσπουδακότα
447 993 503 1062 καὶ
525 995 655 1072 τούτοις
677 995 899 1080 ὑποτεταχότα
920 996 983 1079 την
1006 995 1112 1061 αὑτοῦ
1135 1019 1215 1081 προ-

199 1105 338 1188 αίρεσιν,
363 1108 435 1166 ίσθι
459 1102 510 1166 ὅτι
534 1101 551 1167 ὁ
575 1102 756 1187 ἄνθρωπος
779 1096 876 1178 οὗτος
893 1104 1035 1186 μυρίους
1051 1102 1119 1186 ἔχει
1138 1104 1215 1177 τοὺς

146 1224 179 1272 22
199 1206 452 1289 ἀναγκάζοντας,
472 1209 552 1283 τοὺς
574 1208 772 1284 κωλύοντας.
818 1206 879 1273 οὐκ
898 1209 989 1272 ἔστιν
1011 1206 1100 1296 αὐτῷ
1121 1211 1215 1292 χρεία
1282 1215 1284 1342 η

198 1315 318 1396 πίσσης
339 1310 360 1395 ἣ
383 1322 505 1399 τροχοῦ
527 1314 611 1399 πρὸς
632 1315 671 1379 τὸ
695 1311 835 1391 ἐξειπεῖν
859 1313 879 1378 δ
903 1308 1006 1396 οἶδεν,
1033 1311 1118 1378 ἀλλὰ
1141 1334 1244 1378 παι-ιι
1283 1345 1284 1372 ι

200 1419 373 1501 δισκαρίου
396 1419 590 1504 νευμάτιον,
620 1417 663 1484 διν
691 1420 778 1485 ούτω
805 1420 904 1506 τύχη,
932 1417 1072 1484 ἐνσείσει
1099 1419 1214 1502 αὐτόν,

199 1528 429 1611 Καισαριανοῦ
450 1524 702 1610 φιλοφροσύνη,
730 1522 832 1609 ἀρχῆς
854 1523 1031 1608 ἐπιθυμία,
1054 1528 1214 1610 κληρονο-

146 1648 179 1697 23
199 1634 290 1716 μίας,
319 1632 402 1696 ἅλλα
429 1631 559 1706 τούτοις
586 1630 684 1715 ὅμοια
706 1632 892 1717 τρισμύρια.
937 1636 1129 1715 μεμνῆσθαι
1153 1625 1213 1696 οὖν

199 1736 235 1803 ἐν
267 1749 337 1815 τοϊς
372 1739 541 1819 καθόλου,
580 1735 631 1801 ὅτι
663 1736 699 1802 οί
733 1734 916 1822 ἀπόρρητοι
947 1738 1042 1818 λόγοι
1073 1737 1213 1814 πίστεως

145 1859 179 1918 24
198 1846 312 1929 χρείαν
336 1844 448 1928 ἔχουσι
475 1839 531 1906 καλ
559 1841 736 1926 δογμάτων
758 1842 933 1907 τοιούτων·
961 1850 1063 1907 ταῦτα
1087 1839 1126 1908 δὲ
1148 1852 1212 1909 ποῦ
1224 1863 1243 1902 1⁵

197 1959 262 2014 νῦν
294 1949 406 2033 εὑρεῖν
438 1947 575 2033 ῥηιδίως;
612 1946 632 2031 ἢ
670 1945 807 2025 δειξάτω
844 1950 904 2032 μοί
933 1972 982 2026 τις
1015 1949 1075 2014 τὸν
1107 1949 1213 2026 οὕτως
1282 1935 1283 1981 1

198 2057 326 2139 ἔχοντα,
350 2055 433 2119 ὥστε
456 2050 565 2136 λέγειν
589 2050 675 2139 “ἐμοὶ
697 2057 811 2138 μόνων
829 2052 920 2140 μέλει
938 2065 1006 2121 τῶν
1023 2053 1126 2138 ἐμῶν,
1147 2067 1212 2121 τῶν

198 2159 389 2242 άτωλύτων,
411 2170 480 2225 τῶν
496 2160 597 2245 φύσει
615 2157 814 2247 ἐλευθέρων.
858 2162 982 2244 ταύτην
1005 2160 1125 2227 οὐσίαν
1150 2165 1212 2248 ἔχω
1281 2227 1282 2295 ᾖ

198 2275 257 2332 τοῦ
281 2265 428 2349 ἀγαθοῦ,
455 2266 495 2330 τά
519 2262 556 2331 δὲ
579 2267 662 2331 άλλα
684 2263 832 2350 γινέσθω
856 2267 901 2344 ὡς
923 2265 966 2332 δν
988 2267 1140 2332 δίδωται·
1171 2269 1211 2334 ού

198 2370 418 2458 διαφέρομαι.’
1224 2395 1244 2433 ιο
1280 2442 1281 2479 ἢ

270 2565 399 2630 1δεῑξε*
418 2564 451 2621 S:
470 2581 538 2621 σοιν.
557 2564 587 2623 δι
617 2566 626 2631 ΙΙ
654 2563 740 2618 αύτῶι
754 2563 787 2620 S:
801 2581 868 2620 corr.
882 2581 908 2632 83
928 2565 1015 2620 αὐτοῦ
1030 2563 1063 2626 δι,
1092 2569 1102 2633 11
1131 2567 1212 2622 vai»
1279 2571 1280 2662 χ

197 2641 246 2688 τοῦ
265 2634 298 2690 S:
316 2652 418 2691 τοττι
457 2637 467 2704 [Ι
511 2640 543 2689 15
563 2631 644 2704 ἔχωσι
663 2633 695 2690 S:
714 2651 782 2690 corr.
802 2634 833 2695 δι
871 2637 880 2704 η
923 2641 955 2690 17
974 2633 1062 2705 μόνοι
1086 2636 1119 2692 S:
1143 2654 1210 2694 corr.

196 2722 230 2759 ιιι.
246 2723 292 2774 γι.
