2650 3930
180 167 246 232 146
326 167 510 220 ΑΡΡΙΑΝΟΤ
528 166 602 220 ΤΩΝ
619 167 835 218 ΕΠΙΚΤΗΤΟΤ
853 167 1047 220 ΔΙΑΤΡΙΒΩΝ

141 348 158 397 8
177 331 342 413 γίνεσθαι.
388 326 420 405 ἐξ
445 322 486 392 οὗ
508 329 654 412 περίεστι
676 337 745 404 τοῖς
768 314 1027 413 συστησαχίίνοις
1049 326 1131 393 αὐτὸ
1153 325 1191 392 έν

180 432 286 522 ὀρέξει
304 435 348 519 μὴ
365 432 619 519 ἀποτυγχάνειν,
639 432 675 499 ἐν
690 433 833 499 έκκλίσει
852 430 890 499 δὲ
908 434 952 518 μὴ
970 438 1192 520 περιπίπτειν,

179 541 323 624 ἀλύπως,
341 539 486 625 ἀφόβως,
511 539 681 626 ἀταράχως
699 538 864 623 διεξάγειν
882 537 961 606 καθ’
983 539 1086 605 αὑτὸν
1109 539 1191 624 μετὰ

178 658 247 714 τῶν
275 656 449 713 κοινωνῶν
471 655 636 732 τηροῦντα
658 647 717 723 τὰς
744 645 870 732 σχέσεις
897 645 956 724 τοίς
982 669 1018 711 τε
1046 646 1191 732 φυσικὰς

176 750 232 819 καὶ
260 751 451 837 ἐπιθέτους,
480 755 539 818 τὸν
568 753 662 836 υίόν,
691 754 751 818 τὸν
773 751 914 839 πατέρα,
942 754 1002 820 τὸν
1030 751 1191 837 ἀδελφόν,
1220 770 1235 812 ε

177 862 236 926 τὸν
263 863 419 943 πολίτην,
446 862 506 926 τὸν
533 860 656 944 ἄνδρα,
683 861 745 944 τὴν
772 870 931 944 γυναῖκα,
956 861 1016 925 τὸν
1043 863 1190 943 γείτονα,

177 969 236 1033 τὸν
260 968 417 1051 σύνοδον,
439 968 499 1032 τὸν
522 966 678 1052 ίίρχοντα,
699 967 759 1031 τὸν
783 963 978 1051 ἀρχόμενον.

139 1093 156 1142 9
248 1075 293 1138 Τὸ
321 1075 421 1158 ἔργον
447 1081 508 1138 τοῦ
535 1077 801 1157 φιλοσοφοῦντος
829 1074 984 1138 τοιοῦτόν
1005 1094 1037 1137 τι
1065 1093 1191 1156 φαντα-

178 1182 310 1264 ζόμεθα.
363 1180 482 1244 λοιπὸν
517 1177 634 1263 ἐφεξῆς
666 1179 773 1268 τούτῳ
809 1182 969 1263 ζητοῦμεν
997 1189 1067 1254 πῶς
1097 1179 1190 1243 ἔσται

124 1305 159 1352 10
177 1293 285 1351 τοῦτο.
331 1283 460 1380 ὁρῷμεν
480 1278 542 1350 οὖν
562 1285 613 1350 ὅτι
636 1284 654 1351 ὁ
678 1283 802 1350 τέκτων
823 1285 944 1369 μαθών
965 1306 1040 1349 τινα
1063 1286 1190 1367 γίνεται
1205 1305 1233 1343 10

176 1388 311 1473 τέκτων,
334 1390 352 1456 ὁ
375 1393 579 1475 κυβερνήτης
601 1391 721 1475 μαθών
738 1413 815 1456 τινα
832 1393 959 1474 γίνεται
976 1391 1190 1476 κυβερνήτης.

177 1499 221 1582 μή
248 1493 321 1562 ποτ’
352 1490 415 1562 οὖν
442 1495 498 1562 καὶ
525 1496 648 1563 ἐνθάδε
681 1495 744 1562 οὐκ
770 1495 912 1582 ἀπαρκεῖ
938 1498 976 1562 τὸ
1005 1496 1191 1581 βούλεσθαι

176 1604 279 1669 καλὸν
297 1600 352 1668 καλ
371 1602 502 1686 ἀγαθὸν
521 1602 692 1687 γενέσθαι,
712 1606 806 1689 χρεία
826 1599 863 1668 δὲ
881 1599 936 1668 καὶ
959 1609 1082 1687 μαθεῖν
1100 1625 1190 1680 τινας

123 1730 156 1778 11
178 1713 336 1796 ζητοῦμεν
355 1704 417 1776 οὖν
436 1713 510 1776 τίνα
530 1720 642 1776 ταῦτα.
687 1707 844 1792 λέγουσιν
866 1709 902 1774 οί
923 1711 1116 1794 φιλόσοφοι,
1139 1708 1190 1775 ὅτι

176 1818 377 1920 namin&
396 1828 529 1903 πρῶτον
551 1827 664 1900 τοῦτο,
693 1815 744 1881 ὅτι
772 1817 855 1880 ἔστι
882 1817 976 1892 θεὸς
1001 1813 1066 1881 καὶ
1094 1834 1231 1900 προ-ιε

176 1935 264 1988 νοεί
288 1933 364 1987 τῶν
391 1923 492 1988 ὅλων
524 1920 589 1988 καὶ
617 1922 687 1988 οὐκ
714 1924 796 1987 ἔστι
823 1926 965 1987 λαθείν
993 1921 1114 1988 αὐτὸν
1143 1921 1189 1986 οὐ

177 2030 299 2112 μόνον
322 2036 531 2112 ποιοῦντα,
554 2023 635 2093 ἀλλ’
658 2024 751 2093 οὐδὲ
774 2027 1067 2112 διανοούμενον
1088 2026 1109 2112 ἢ
1129 2026 1190 2093 έν·
1308 2029 1309 2084 ἒ

250 2225 336 2287 lsqq.
356 2217 391 2272 cf.
410 2217 497 2272 Eneh.
512 2223 560 2272 30:
584 2217 673 2281 οὕτως
690 2215 741 2274 οὖν
761 2218 817 2273 ἀπὸ
836 2227 885 2273 τοῦ
904 2219 1037 2288 γείτονος,
1063 2218 1120 2273 ἀπὸ
1139 2227 1189 2274 τοῦ

176 2293 301 2359 πολίτου,
317 2321 332 2330 -
345 2320 359 2330 -
372 2320 387 2330 -
404 2289 435 2344 τὸ
454 2292 585 2358 καθῆκον
600 2289 734 2361 εὑρήσεις,
753 2285 804 2344 ἐὰν
821 2289 872 2352 τὰς
891 2286 997 2360 σχέσεις
1015 2285 1096 2362 έθίζχ
1114 2293 1190 2344 θεω-

105 2394 137 2420 ,ρε
166 2417 170 2424 ,
194 2370 244 2417 ἒῖν.

176 2382 192 2434 Q
249 2437 283 2488 14
292 2449 353 2500 sqq.
374 2429 496 2485 Senecae
515 2446 559 2501 ep.
574 2436 617 2499 95,
632 2436 666 2486 50
677 2448 731 2499 sq.:
754 2431 864 2486 Primus
889 2433 933 2486 est
955 2431 1071 2486 deorum
1095 2431 1189 2486 cultus

177 2505 245 2560 deos
273 2503 387 2558 eredere
414 2534 428 2543 -
446 2534 461 2543 —
477 2529 492 2542 -
520 2500 591 2556 seire
619 2501 685 2556 illos
718 2518 787 2571 esse,
816 2502 866 2570 qui
890 2501 1056 2572 praesident
1082 2501 1188 2556 mundo

177 2577 282 2644 (Laert.
300 2574 382 2644 Diog.
404 2573 454 2628 VH
461 2613 468 2642 ‚
488 2579 552 2629 14⁷:
580 2573 652 2628 θεὸν
677 2569 751 2628 εἶναι
772 2605 787 2614 -
804 2604 818 2614 -
835 2605 850 2614 -
872 2573 1059 2644 προνοητικὸν
1082 2573 1189 2643 κόσμου

176 2665 206 2701 τε
225 2645 347 2700 καὶτῶν
367 2640 398 2699 έν
416 2642 520 2716 κόσμῳ)
539 2676 553 2686 -
565 2675 580 2685 -
592 2676 607 2684 -
625 2642 696 2697 eatis
715 2643 780 2698 illos
800 2643 896 2712 coluit,
915 2643 1040 2713 quisquis
1059 2643 1189 2698 imitatus
1308 2643 1309 2708 ἶ

177 2718 229 2774 een.
265 2715 352 2772 Eneh.
368 2721 455 2783 31,1:
481 2719 538 2784 Τῆς
560 2714 625 2786 περὶ
646 2716 712 2777 τοὺς
733 2715 821 2778 θεοὺς
844 2715 986 2788 εὐσεβείας
1009 2716 1072 2769 ἴσθι
1094 2713 1138 2769 ὅτι
1155 2714 1188 2768 τὸ
1308 2759 1309 2766 ,

177 2780 1036 2919 3333'32‘?052¹?ssssssssssssss&33⁶„2'2‘3ffffffe2'221‘205ffl8‘f”
1050 2783 1188 2927 ἷέὲἷίιίί
1308 2807 1309 2836 ³

178 2928 214 2982 ab
229 2927 294 2981 eliis
305 2925 391 2997 (inter
405 2942 474 2995 quoe
488 2927 657 2982 numerandi
670 2926 757 2981 etiem
791 2927 957 2998 nomologue
972 2926 1188 2984 cod.Par.11ee

109 3069 110 3072 Ἴ
178 3001 207 3052 ολ
220 2998 359 3052 Maximus
370 3002 395 3066 5,
405 3003 439 3052 22
458 3013 522 3051 eum
540 2997 673 3053 lemmate
687 2997 702 3053 ὁ
717 2945 801 3061 αὐτές
817 3001 885 3069 post
898 2997 1017 3052 Zenonis
1037 2997 1187 3068 apophth.)

54 3073 58 3079 “
177 3067 305 3138 Thaleti,
329 3067 365 3121 ab
385 3067 449 3122 aliis
471 3067 583 3123 Pittaco
607 3070 801 3140 adsignatum:
828 3064 980 3140 ἐρωτηθεὶς
1003 3067 1030 3124 εί
1046 3068 1189 3124 λανθάνοι

176 3160 219 3203 τις
236 3139 286 3194 τὸν
304 3138 376 3194 θεὸν
393 3146 484 3194 ποιῶν
505 3159 533 3193 τι
556 3136 635 3195 εἷπεν
663 3138 780 3265 (mg
802 3139 868 3196 οὐδὲ
887 3139 1100 3210 διανοούμενος
1121 3143 1187 3210 (see.

178 3211 241 3268 cod.
260 3211 351 3267 Vatic.
372 3216 438 3279 ⁷433
466 3211 500 3266 ef.
525 3209 681 3266 Sternbeeh
698 3211 730 3266 in
771 3211 832 3270 tud.
854 3211 938 3268 Vind.
957 3210 990 3278 X,
1010 3215 1086 3280 250);
1114 3211 1189 3265 adde

178 3281 291 3336 Sextum
313 3284 358 3350 (66
377 3281 421 3338 ed.
441 3279 585 3352 Gildem.):
607 3283 658 3336 οὐκ
676 3281 713 3337 ἂν
731 3279 833 3346 λίθοις
849 3282 922 3337 θεὸν
939 3281 1069 3353 πράττων
1087 3281 1188 3336 ἄδικα·
1276 3295 1278 3300 ·

176 3351 244 3407 οὐδὲ
263 3351 317 3422 γὰρ
335 3350 544 3420 διανοούμενος.

142 3543 150 3562 1
251 3532 266 3581 7
286 3528 406 3581 σονοὸον
425 3525 458 3582 S.-
476 3531 615 3582 αοεοκίικκ
633 3529 697 3584 add.
716 3527 745 3589 Se
