2636 3930
170 175 236 239 222
317 177 500 228 ιεεωωου
517 176 592 229 Τωει
609 177 825 228 ammom
842 154 1041 229 Δωτειοωω

210 545 250 614 ε’.
288 551 394 635 Πρὸς
416 551 506 625 τοὺς
530 549 594 613 διᾶ
617 552 739 614 νόσου
763 547 1144 634 ἀπαλλαττομένους.

134 706 148 754 1
236 693 354 775 Νοσῖι,
386 693 505 776 φησίν,
538 688 661 755 ἐνθᾶδε
689 688 745 754 καλ
778 691 942 776 βούλομαι
972 689 1104 755 ἀπιέναι
1136 693 1187 768 εἰς

133 792 271 863 κοῖκον.
301 836 342 844 -
368 794 422 861 Ἐν
445 803 525 885 οῖκςο
548 798 612 880 γὰρ
636 797 758 874 ἄνοσος
779 792 818 882 ἧς
836 798 903 875 σός
933 797 975 862 οὐ
998 807 1131 874 σκοπεῖς
1154 803 1190 862 εῖ
1255 781 1257 788 ⁴

168 927 199 968 τι
222 916 327 982 ποιεῖς
351 903 473 969 ένθᾶδε
496 914 563 968 τῶν
582 905 664 986 πρὸς
685 905 745 988 τὴν
764 908 958 990 προαίρεσιν
976 905 1038 988 τὴν
1058 913 1185 968 σαυτοῦ

168 1014 352 1096 φερόντων,
375 1007 420 1075 ἵν’
447 1008 687 1095 έπανορθωθῇς
712 1012 743 1074 ελ
764 1006 825 1094 μὲν
848 1011 912 1096 γδιρ
935 1006 1040 1095 μηδὲν
1059 1008 1184 1093 ἄνόεις,
1213 1033 1226 1074 5

168 1127 331 1199 περισσῶς
357 1114 412 1180 καλ
440 1110 550 1198 ἦλθες.
595 1117 711 1200 ἄπιθι,
743 1115 899 1200 ἐπιμελοῦ
928 1128 996 1182 τῶν
1027 1116 1064 1182 έν
1092 1123 1183 1206 οῖκςο.

133 1236 149 1284 3
169 1223 201 1285 εἰ
222 1222 285 1306 γὰρ
308 1221 353 1304 μὴ
378 1221 520 1286 δύναταί
539 1238 602 1287 σου
625 1224 663 1286 τὸ
686 1221 886 1306 ἡγεμονικὸν
906 1233 999 1308 σχεῖν
1017 1223 1098 1288 κατδι
1119 1223 1184 1306 φύ-

169 1342 236 1410 σιν,
258 1329 296 1392 τό
319 1322 350 1408 γ’
377 1325 532 1409 ἄγρόδιον
556 1328 746 1412 δυνήσεται,
768 1329 807 1392 τό
829 1351 866 1411 γε
888 1328 1065 1413 κερμάτιον
1084 1327 1183 1410 αὐξή-

169 1449 245 1508 σεις.
290 1433 349 1497 τὸν
368 1429 491 1517 πατέρα
509 1435 761 1518 γηροκομήσεις,
780 1432 817 1498 έν
835 1442 873 1519 τῇ
894 1433 1000 1522 ἀγορᾷ
1018 1434 1182 1515 ἄναστρα-

168 1541 270 1624 φήσῃ,
293 1537 413 1623 ἄρξεις·
436 1541 536 1616 κακὸς
558 1550 666 1617 κακῶς
683 1543 719 1605 τί
738 1561 816 1606 ποτε
838 1543 987 1624 ποιήσεις
1008 1551 1075 1605 τῶν
1099 1537 1181 1623 ἑξῆς.
1197 1565 1224 1603 10

132 1659 149 1706 4
168 1646 199 1709 ελ
222 1641 259 1710 δὲ
281 1649 548 1730 παρακολουθεῖς
571 1654 698 1732 σαυτῷ,
728 1647 778 1711 ὅτι
807 1644 1006 1731 ἄποβᾶλλεις
1027 1647 1103 1711 τινὰ
1126 1645 1183 1711 δό-

168 1774 276 1835 γματα
298 1756 411 1835 φαῦλα
433 1750 490 1836 καὶΙ
511 1753 594 1816 ἄλλα
618 1747 690 1816 ἄντ’
717 1751 827 1817 αὐτῶν
856 1751 1100 1837 ἄναλαμβᾶνεις
1126 1750 1182 1817 καλ

167 1858 228 1941 τὴν
252 1866 376 1923 σαυτοῦ
400 1857 516 1923 στᾶσιν
534 1853 767 1942 μετατέθεικας
785 1856 849 1922 ἀπὸ
868 1869 935 1923 τῶν
955 1857 1181 1945 ἄπροαιρέτων

170 1960 222 2027 ἐπὶ
244 1963 285 2026 τὰ
307 1963 529 2047 προαιρετικᾶ,
557 1963 622 2028 κᾶν
644 1960 715 2028 ποτ’
745 1969 839 2050 εἴπῃς
862 1963 988 2049 εοῖμοῖ,
1011 1963 1052 2028 οὐ
1076 1961 1182 2046 λέγεις

169 2067 225 2131 διὰ
248 2069 307 2131 τὸν
330 2065 470 2153 πατέρα,
498 2069 599 2152 <διδ>
626 2071 685 2134 τὸν
713 2068 876 2155 ἀδελφόν,
906 2068 990 2135 ἄλλα
1013 2067 1070 2134 εδι’
1097 2068 1182 2153 ἐμέ’,
1197 2094 1223 2134 15
1299 2137 1303 2144 ,

133 2188 149 2236 5
169 2175 217 2236 έτι
240 2171 418 2259 ὑπολογίζῃ
437 2177 554 2254 νόσους
579 2173 641 2240 οὐκ
660 2170 765 2259 οἶδας,
784 2175 834 2240 ότι
854 2173 910 2240 καλ
928 2178 1028 2252 νόσος
1046 2173 1101 2240 καλ
1119 2176 1182 2240 θᾶ-

168 2302 267 2354 νατος
284 2282 482 2363 καταλαβεῖν
505 2279 590 2364 ἡμᾶς
613 2280 808 2365 ὀφείλουσιν
831 2285 866 2347 τί
886 2302 964 2347 ποτε
988 2291 1181 2361 ποιοῦντας;

168 2387 227 2451 τὸν
242 2387 391 2468 γεωργὸν
406 2395 618 2472 γεωργοῦντα
631 2388 933 2473 καταλαμβάνουσι,
950 2390 1009 2454 τὸν
1023 2390 1181 2453 ναυτικὸν

133 2509 148 2558 6
167 2491 318 2558 πλέοντα.
365 2494 407 2557 σὺ
430 2495 465 2556 τί
484 2490 595 2569 θέλεις
621 2503 728 2559 ποιῶν
751 2499 1019 2579 καταληφθῆναι;
1048 2497 1084 2560 τί
1102 2514 1181 2560 ποτε

168 2595 229 2683 μὲν
252 2600 315 2685 γὰρ
338 2599 499 2666 ποιοῦντά
527 2615 563 2664 σε
592 2599 646 2664 δεῖ
672 2604 935 2685 καταληφθῆναι.
981 2607 1016 2666 εῖ
1038 2623 1070 2665 τι
1098 2603 1182 2685 ἔχεις
1196 2623 1224 2664 εο

168 2705 288 2769 τούτου
307 2715 463 2788 κρεῖσσον
486 2714 592 2771 ποιῶν
615 2712 881 2791 καταληφθῆναι,
904 2709 991 2772 ποίει
1015 2705 1130 2772 έκεῖνο.

135 2825 150 2873 7
231 2806 324 2893 Ἐμοὶ
351 2807 412 2894 μὲν
440 2812 503 2896 γὰρ
525 2816 780 2896 καταληφθῆναι
804 2811 934 2896 γένοιτο
959 2815 1102 2898 μηδενὸς
1124 2813 1181 2877 ἄλ-

168 2920 230 2980 λου
258 2913 504 3004 ἐπιμελουμένῳ
532 2917 552 3001 λλ
580 2927 637 3002 τῆς
663 2916 886 3005 προαιρέσεως
917 2929 974 3005 τῆς
1005 2918 1100 3003 ἐμῆς,
1131 2916 1175 2984 ἵν’

168 3018 310 3104 ἀπαθής,
328 3017 373 3084 ἄν’
390 3019 568 3106 ἀκώλυτος,
587 3021 630 3088 ἄν’
654 3022 913 3112 ἀναυᾶγκαστος,
931 3023 974 3090 ἵν’
994 3025 1180 3110 ἐλεύθερος.

134 3142 150 3190 8
169 3136 271 3191 ταῦτα
290 3125 493 3208 ἐπιτηδεύων
512 3124 602 3192 θέλω
622 3128 813 3214 εὑρεθῆναι,
836 3129 880 3196 ἵν’
902 3133 1007 3196 εἰπεῖν
1029 3132 1180 3216 δύνωμαι
1195 3150 1222 3191 25

169 3250 381 3259 *—

242 3322 256 3367 1
276 3313 536 3384 ἀπαλλαττομένους
558 3334 585 3372 s:
607 3317 854 3388 πλαττομένουςᾶ
891 3324 900 3390 ΙΙ
941 3328 957 3375 3
977 3315 1011 3390 ἦς
1029 3321 1052 3376 S
1072 3323 1131 3390 (sed
1149 3324 1182 3377 ι’κι

169 3383 187 3451 ἠ
206 3385 296 3438 neseio
315 3387 382 3453 quid
400 3403 468 3440 corr.
489 3386 544 3456 δεῖ·
565 3384 593 3441 εἷ
607 3391 649 3443 νεῖ
666 3383 775 3457 ᾗσθαε
811 3393 820 3460 ly
852 3396 868 3443 9
887 3391 1094 3461 γηρωκομήσεις
1113 3393 1147 3454 Sa
1172 3394 1182 3464 Η

171 3460 203 3507 12
224 3451 284 3506 ἄλλ’
306 3457 340 3508 S:
359 3471 459 3510 εοεαε
490 3460 499 3524 ΙΙ
532 3464 564 3511 15
587 3458 680 3532 <διὰ>
698 3461 749 3514 ι’κε.
774 3477 787 3514 ε
819 3463 828 3528 ΙΙ
859 3466 894 3516 20
913 3461 964 3531 μὲν
988 3463 1071 3518 (llas
1102 3465 1113 3532 λ
1144 3469 1179 3518 23

171 3521 388 3594 ἐπιμελουμένου
412 3525 444 3581 S.-
463 3541 530 3580 οοκκ.
550 3544 563 3582 ε
