2650 3930
103 187 340 244 {11‚19‚28-20‚5)
376 179 528 232 BIBAION
546 179 747 232 AETTEPON.
776 178 831 232 ιθ’.
851 179 890 235 κ’.
1065 178 1125 242 175

105 360 245 422 γματος.
291 337 371 404 αὐτὸ
394 340 432 404 τὸ
458 347 592 423 πρᾶγμα
622 338 839 424 ἐνδεχόμενον
862 339 916 404 καλ
939 343 1044 424 μόνον
1072 339 1088 404 έ
1115 336 1123 362 ’

106 443 203 528 ἡμῖν.
249 439 459 510 λοιπὸνκοῦν
486 444 507 528 ἢ
534 441 609 529 παρ’
642 444 701 529 ἐμέ
726 445 815 511 ἐστιν
843 446 863 530 ἣ
890 443 967 531 παρ’
993 445 1078 528 ὑμᾶς
1104 445 1125 528 ἢ

109 549 195 633 ὅπερ
223 547 448 635 ἀληθέστερον
474 549 551 636 παρ’
585 550 799 636 ἀμφοτέρους.
844 555 879 617 τί
903 546 979 628 οὖν;
1010 550 1124 616 θέλετε
1144 569 1178 615 34

109 653 291 738 ἀρξώμεθά
313 676 392 721 ποτε
416 657 573 740 τοιαύτην
595 655 755 740 ἐπιβολὴν
786 658 932 740 κομίζειν
961 655 1122 734 ένταῦθα;

75 761 152 825 ετά
181 758 276 846 μέχρι
302 771 367 827 νῦν
390 761 537 848 ἀφῶμεν.
582 762 758 848 ἀρξώμεθα
786 764 903 846 μόνον,
929 761 1126 836 πιστεύσατέ

111 889 171 951 μοι
192 865 248 931 καὶ
271 869 405 945 ὄψεσθε.

158 1215 200 1284 κ’.
238 1220 344 1304 Πρὸς
362 1215 657 1303 Ἐπικουρείους
680 1219 744 1286 καὶ
763 1217 1078 1305 Ἀκαδημαϊκούς.

184 1363 263 1436 Τοῖς
283 1357 392 1442 ὑγιέσι
414 1357 469 1426 καὶ
494 1358 668 1445 ἐναργέσιν
688 1359 720 1438 ἐξ
740 1359 884 1446 ἀνάγκης
902 1359 956 1426 καὶ
980 1361 1015 1426 οἱ
1036 1359 1124 1426 ἀντι·
1145 1385 1158 1431 1

110 1462 265 1548 λέγοντες
286 1477 525 1551 προσχρῶνται.
570 1463 625 1530 καὶ
649 1466 769 1550 σχεδὸν
787 1474 884 1531 τοῦτο
908 1463 1063 1548 με’γιστον
1081 1468 1123 1531 ἀν

12 1583 13 1596 ’
66 1593 96 1632 ιο
110 1595 163 1648 τις
185 1574 358 1654 ποιήσαιτο
381 1574 556 1656 τεκμήριον
581 1578 641 1636 τοῦ
665 1569 800 1656 ἐναργές
822 1595 853 1636 τι
875 1565 979 1654 εἶναι,
1007 1573 1046 1637 τὸ
1069 1570 1124 1636 έπ-

109 1675 252 1758 ἀναγκες
274 1676 489 1761 εὑρίσκεσθαι
508 1673 563 1740 καὶ
581 1684 626 1763 τῷ
647 1674 852 1758 ἀντιλέγοντι
870 1680 1123 1761 συγγρήσασθαι

110 1782 204 1870 αὐτῷ
257 1773 330 1848 οἷον
359 1788 393 1846 εί
415 1807 465 1860 τις
492 1779 658 1864 ἀντιλέγοι
687 1791 732 1869 τῷ
762 1777 851 1847 εἷναί
876 1805 908 1846 τι
938 1783 1156 1852 καθολικὸνκ

110 1885 246 1972 ἀληθές,
270 1889 374 1972 δῆλον
397 1888 447 1953 ὅτι
470 1889 532 1972 τὴν
554 1886 709 1953 ἐναντίαν
728 1887 896 1974 ἀπόφασιν
916 1883 1013 1966 οὗτος
1032 1885 1122 1971 ὀφεί-

110 1998 162 2058 λει
193 1995 412 2076 ποιήσασθαι·
452 1991 571 2058 οὐδέν
603 1993 686 2058 έστι
718 1995 937 2059 καθολικὸν
969 1991 1121 2077 ἀληθές.

68 2099 342 2184 ιεάνάράττοάον,
372 2095 451 2165 οὐδὲ
477 2109 585 2165 τοῦτο.
630 2103 665 2165 τί
689 2100 752 2184 γὰρ
780 2100 861 2165 ἀλλο
889 2098 958 2164 ἐστὶ
980 2109 1078 2165 τοῦτο
1102 2097 1157 2184 ἦε

110 2196 186 2270 οἷον
213 2211 253 2270 εί
275 2208 315 2270 τί
338 2204 419 2270 έστι
445 2207 682 2288 καθολικόν,
708 2206 854 2284 ψεῦδός
881 2204 977 2282 ἐστι;
996 2204 1157 2287 ’πάλιν,4

109 2311 154 2375 ἀν
177 2334 227 2387 τις
247 2311 426 2404 παρελθὼν
449 2307 527 2397 λέγη
551 2310 724 2394 ’γίγνωσκε
753 2311 803 2376 ὅτι
825 2308 927 2376 οὐδέν
945 2309 1014 2376 ἐστι
1036 2333 1122 2392 γνω-

110 2418 204 2500 στόν,
227 2413 310 2481 ἀλλά
332 2416 438 2482 πάντα
461 2413 654 2500 ἀτέκμαρτα
678 2415 699 2500 ἣ
726 2416 826 2492 ἀλλος
854 2417 904 2481 ὅτι
933 2415 1121 2481 “πίστευσόν

109 2545 168 2606 μοι
199 2519 253 2586 καλ
281 2521 496 2608 ὠφεληθήσῃ·
526 2518 627 2587 οὐδὲν
662 2523 716 2587 θεῖ
746 2521 914 2610 ἀνθρώπῳ
941 2518 1120 2585 πιστεύειν’

68 2626 132 2708 ιοῆ
154 2626 255 2691 πάλιυ
278 2627 377 2704 ἀλλος
405 2627 504 2712 “μάθε
531 2623 606 2712 παρ’
631 2626 729 2710 ἐμοῦ,
752 2627 922 2711 ἄνθρωπε,
945 2626 996 2691 ὅτι
1019 2621 1120 2691 οὐδὲν

109 2731 277 2817 ἐνδέχεται
300 2739 436 2816 μαθεῖν·
460 2730 524 2815 ἐγώ
548 2748 602 2797 σοι
625 2729 710 2814 λέγω
728 2741 827 2798 τοῦτο
850 2729 905 2796 καὶ
925 2729 1047 2809 ἀιάοίξω
1072 2746 1120 2815 σε,

109 2835 170 2903 ἐὰν
196 2836 319 2925 θέλης.’
363 2841 429 2904 τίνι
461 2833 523 2904 οὖν
550 2837 678 2903 τούτων
708 2836 926 2923 διαφέρουσιν
954 2831 1048 2902 οὗτοι
1079 2835 1166 2914 -ε

108 2947 197 3020 τίνες
219 2941 312 3023 ποτέ;
342 2979 380 2992 —
411 2945 446 3011 οί
462 2941 721 3027 Ἀκαδημαϊκοὺς
748 2943 869 3018 αὑτοὺς
892 2939 1056 3025 λέγοντες;
1081 2938 1118 3008 ’ὦ

108 3051 302 3135 ἀνθρωττοι,
332 3050 585 3134 συγκατάθεσθε
615 3051 665 3115 ὅτι
695 3046 805 3126 οὐδεὶς
834 3053 1118 3130 συγκατατίθεται·

67 3173 94 3213 2⁵
107 3156 303 3221 πιστεύσατε
326 3156 406 3240 ἡμῖν
429 3156 480 3221 ὅτι
503 3151 613 3231 οὐδεὶς
634 3154 781 3220 πιστεύει
804 3152 939 3220 omem?

181 3305 266 3380 θέμέ
284 3328 309 3366 8:
330 3331 364 3376 εμ
381 3311 404 3367 S
420 3315 464 3379 (ut
480 3311 559 3380 vid),
578 3307 622 3380 ἔμ’
644 3311 676 3372 Sa
708 3312 717 3378 [Ι
756 3315 790 3363 2³
828 3315 869 3364 οεί
887 3310 989 3371 αὑτοὺς
1007 3311 1120 3376 (αύτούς

39 3414 41 3422 ν
108 3381 140 3450 S)
161 3383 294 3452 quaedam
311 3383 480 3438 intercidisse
497 3384 640 3447 videntum
658 3381 760 3441 αὐτούς
777 3379 796 3454 <
814 3379 980 3448 νομάζοντες
993 3380 1062 3452 καλ)
1076 3379 1119 3436 λε’-

108 3469 205 3520 γοντες
218 3455 260 3508 οεί
273 3455 345 3522 quod
354 3455 501 3524 proposuit
515 3453 544 3508 G.
554 3451 669 3508 Schenkl
682 3449 808 3520 λέγοντες
820 3449 890 3524 <καλ
904 3451 1042 3522 βοῶντες)
1056 3468 1118 3506 οοιι-

108 3528 186 3578 textu
204 3525 339 3579 orationis
356 3526 461 3594 ιεραίιά
473 3523 595 3589 videtum
606 3519 825 3590 Ἀκαδημαϊκούς
838 3521 940 3582 αύτούς
953 3522 1004 3575 del.
1022 3520 1119 3576 Goraes
