2636 3922
148 135 191 198 56
294 137 476 190 APPIANOT
495 137 568 190 ΤΩΝ
586 139 803 190 ΕΠῙΚΤΗΤΟΤ
821 139 1016 192 ΔΙΑΤΡΙΒΩΝ

149 295 293 379 δύναμαι
316 294 424 381 γέρων
442 300 548 383 χωλὸς
571 300 601 362 εί
622 299 667 382 μὴ
690 299 809 384 ὑμνεῖν
827 300 886 365 τὸν
904 301 1002 378 θεόν;
1025 302 1057 364 εί
1073 309 1161 383 γοῦν

148 401 261 485 ἀηδὼν
284 403 389 486 ἥμην,
417 401 552 470 ἐποίουν
575 405 615 469 τά
637 413 694 489 τῆς
716 405 875 490 ἀηδόνος,
904 407 936 470 εί
956 399 1090 489 κύκνος,
1118 407 1160 470 τά

95 524 127 572 21
148 516 208 573 τοῦ
231 509 365 574 κύκνου.
410 517 475 573 νῦν
499 505 536 574 δὲ
560 513 693 593 λογικός
715 513 794 595 είμι·
820 511 939 596 ὑμνεῖν
962 534 1002 595 με
1025 512 1079 576 δεῖ
1098 513 1160 577 τὸν

147 617 240 680 θεόν.
285 617 383 680 τοῦτό
406 638 471 698 μου
495 617 531 681 τὸ
556 617 654 701 ἔργον
678 615 778 700 ἐστίν,
800 627 885 683 ποιῶ
909 617 989 682 αὐτὸ
1011 614 1082 682 οὐδ’
1105 615 1159 700 ἐγ-

147 724 333 799 καταλείψω
351 723 413 805 τὴυ
430 720 523 799 τάξιν
541 723 676 806 ταύτην,
695 719 749 807 ἐφ’
772 723 854 792 ὅσον
877 722 918 788 άν
942 724 1079 789 δίδοται
1102 720 1159 788 καλ
1188 745 1204 786 ε
1314 779 1315 808 ,

146 826 232 910 ὑμᾶς
255 824 308 892 ίπλ
331 829 392 912 τὴν
415 827 519 911 αὐτὴν
542 828 666 912 ταύτην
688 825 780 916 ᾠδὴν
801 833 989 915 παρακαλῶ.

334 1195 383 1276 ιζ’.
418 1195 500 1262 ’Ότι
528 1198 720 1284 άναγκαῖα
750 1200 795 1265 τά
824 1201 970 1284 λογικά.

113 1373 126 1419 1
210 1352 341 1439 Ἐπειδὴ
365 1360 464 1440 λόγος
487 1355 576 1423 ἐστίν
595 1358 613 1425 ὁ
633 1360 807 1445 διαρθρῶυ
827 1357 884 1425 καλ
908 1358 1158 1445 ἐξεργαζόμενος

110 1461 184 1526 νεά
208 1463 323 1546 λοιπά,
351 1465 418 1528 ἔδει
442 1460 473 1528 δ’
502 1464 605 1552 αὐτὸν
633 1467 678 1549 μὴ
706 1464 939 1551 ἀδιάρθρωτον
967 1461 1066 1549 εἶναι,
1090 1466 1156 1532 ὑπὸ

146 1571 237 1645 τίνος
260 1569 474 1655 διαρδρωθῇ;
505 1572 609 1655 δῆλον
632 1571 695 1654 γὰρ
720 1570 770 1636 ὅτι
793 1571 813 1652 ἢ
843 1570 900 1652 ὑφ’
927 1573 1030 1638 αὑτοῦ
1053 1571 1073 1650 ἢ
1096 1569 1151 1636 ὑπ’
1174 1594 1202 1634 ιο

146 1676 259 1739 άλλου.
304 1676 326 1758 ἥ
353 1697 405 1740 τοι
432 1678 530 1758 λόγος
558 1670 627 1739 ἐστὶ
650 1671 757 1739 ἐκεῖνο
783 1671 804 1756 ί]
833 1673 914 1739 άλλο
942 1695 974 1737 τι
1000 1681 1157 1758 κρεῖσσον

109 1781 235 1844 σέσται
264 1790 325 1846 τοῦ
354 1783 473 1864 λόγου,
503 1780 583 1865 ὅπερ
611 1778 787 1844 ἀδύνατον.
832 1780 864 1842 εί
885 1781 1001 1862 λόγος,
1028 1776 1157 1842 ἐκεῖνον

143 1886 244 1951 πάλιν
267 1888 317 1961 τίς
346 1885 564 1970 διαρθρώσει;
593 1886 624 1948 εί
645 1885 708 1969 γάρ
731 1883 831 1960 αὐτὸς
854 1881 989 1966 ἑαυτόν,
1017 1883 1157 1947 δύναται

143 1988 199 2056 καλ
223 1985 328 2066 οὗτος.
373 1991 405 2054 εί
423 1991 527 2054 άλλου
551 1990 755 2074 δεησόμεθα,
783 1991 921 2075 άπειρου
945 1991 1156 2056 ἔσταιτοῦτο

107 2093 198 2162 ικαὶ
229 2094 462 2180 άκατάλνγκτον.
518 2094 605 2179 wat,
636 2093 708 2160 ἀλλ’
744 2094 865 2178 ἐπείγει
896 2100 1024 2180 μάλλον
1055 2103 1156 2180 δερα-
1171 2115 1200 2156 ιε

143 2201 269 2267 πεύειν’
284 2199 393 2268 καὶτὰ
407 2202 513 2286 ὅμοια.
550 2200 661 2279 θέλεις
679 2196 742 2268 οὖν
760 2200 835 2286 περὶ
854 2200 990 2267 ἐκείνων
1006 2201 1155 2280 ιἰκούειυ;

107 2324 124 2374 ο
143 2309 252 2373 άκουε.
298 2306 370 2373 ἀλλ’
392 2309 435 2373 άν
453 2332 510 2391 μοι
531 2306 628 2395 λέγῃς
651 2309 700 2374 ὅτι
724 2308 798 2374 “ούκ
820 2302 896 2373 οίδα
914 2311 1055 2394 πότερον
1078 2307 1156 2393 άλη-

143 2420 214 2492 θῶς
232 2413 252 2498 ἣ
270 2416 403 2494 ψευδῶς
423 2411 584 2500 διαλέγγί,
606 2415 669 2480 κόίυ
687 2437 719 2479 τι
740 2412 811 2479 κατ’
832 2413 1020 2499 ἀμφίβολον
1039 2415 1157 2500 φωνὴν

144 2527 225 2587 είπω
248 2519 303 2586 καλ
327 2519 424 2608 λέγῃς
446 2545 503 2605 μοι
526 2519 730 2605 “διάστιξον’,
754 2520 815 2586 οὐκ
835 2522 883 2585 ἔτι
901 2517 1062 2606 άνίξομαί
1082 2538 1156 2605 σου,

109 2624 216 2693 οάλλ’
248 2626 312 2711 ἐρῶ
343 2643 409 2693 σοι·
440 2624 512 2693 ἀλλ’
544 2625 666 2710 ἐπείγει
695 2630 831 2711 μᾶλλον.
877 2627 934 2692 διά
965 2636 1064 2693 τοῦτο
1091 2628 1155 2713 γάρ
1171 2647 1200 2686 ιο

144 2729 236 2816 οἶμαι
253 2723 500 2818 προτάσσουσιυ
518 2733 558 2798 τά
577 2734 704 2816 λογικά,
726 2733 877 2818 καθάπερ
896 2741 953 2818 τῆς
971 2735 1158 2819 μετρήσεως

109 2856 124 2904 ἰ
145 2847 205 2905 τοῦ
228 2841 321 2904 σίτου
343 2839 574 2922 προτάσσομεν
596 2839 656 2921 τὴν
676 2848 736 2904 τοῦ
755 2836 876 2924 μέτρου
900 2837 1081 2919 ἐπίσκεψιν.
1114 2838 1157 2906 ἂν

145 2940 182 3009 δὲ
205 2944 249 3027 μὴ
273 2944 483 3028 διαλάβωμεν
505 2955 638 3030 πρῶτον
664 2948 699 3009 τί
723 2943 792 3009 ἐστι
822 2946 938 3029 μόδιος
971 2942 1055 3029 μηδὲ
1085 2947 1157 3011 δια-
1314 2997 1315 3028 ,

145 3050 298 3134 λάβωμεν
324 3059 458 3135 πρῶτον
484 3053 518 3115 τί
543 3048 611 3115 ἐστι
635 3053 842 3140 ζυγός,,πῶς
869 3053 916 3116 ἔτι
944 3056 1104 3137 μετρῆσαί
1124 3076 1157 3119 τι
1314 3037 1315 3050 ’

216 3241 497 3310 1χολδς3εοοεκ.ε
527 3244 537 3310 u
570 3249 602 3296 10
620 3239 672 3310 ὑφ’
694 3241 780 3296 αὑτοῦ
797 3241 831 3297 S:
850 3258 952 3298 coms
983 3245 992 3313 ΙΙ
1025 3241 1106 3298 14εί
1122 3243 1155 3298 S:

143 3309 209 3378 ἧδ’,
239 3315 249 3380 ss
283 3317 314 3366 15
335 3314 387 3366 ναί
406 3311 481 3382 Um.-
502 3309 617 3367 είκαιδ
645 3315 655 3382 n
685 3311 859 3381 θεραπεύειν
879 3311 936 3386 <τδι
964 3310 1098 3384 δόγματα,
1120 3313 1157 3368 τὰ

143 3415 247 3490 πάθη>
265 3417 312 3471 καλ
331 3419 411 3485 Wolf
424 3424 450 3473 et
467 3417 551 3474 δόλια.
583 3419 593 3487 ΙΙ
624 3422 659 3470 20
677 3402 761 3470 ἀλλά
779 3417 808 3478 Se
839 3421 849 3487 ψ
879 3425 913 3471 21
933 3417 1157 3488 προετάσσουσι*

142 3488 165 3542 S
196 3491 206 3556 ΙΙ
237 3494 271 3542 23
290 3488 361 3557 μηδὲ
379 3521 415 3529 -
433 3491 488 3558 (24)
508 3495 619 3557 πρῶτον
638 3487 687 3544 del.
710 3486 808 3542 Οονατε
