2608 3928
498 215 740 268 urxnnuuion.
1060 215 1127 278 425

114 372 376 443 Schweighaeuseri
409 372 542 444 religiose
578 375 690 428 servato
718 376 887 443 apparatum
915 390 998 443 quern
1026 376 1131 429 vocant

115 445 246 501 criticum
274 445 310 500 ab
335 460 368 499 eo
392 445 563 513 confectum,
590 443 621 499 in
644 462 699 512 quo
722 461 797 499 nunc
822 444 977 514 scripturae
1000 445 1130 500 codicum

115 515 232 571 abditae
257 532 291 571 ac
311 515 439 585 sepultae
457 515 553 587 potius
573 519 638 570 sunt
656 532 741 584 quam
760 518 935 585 propositae,
959 516 1002 571 ita
1021 516 1129 587 digere-

114 605 187 656 rem,
215 589 247 642 ut
273 586 360 642 facile
386 587 491 655 ubique
515 588 676 657 appareret,
701 603 716 641 e
739 587 841 654 quibus
863 586 990 642 fontibus
1014 588 1057 642 vir
1079 586 1129 641 ille

115 660 215 715 doctus
238 658 270 712 in
293 657 405 712 Arriani
427 657 522 712 verbis
545 657 729 712 restituendis
751 657 886 714 hauserit.
927 675 1019 727 neque
1042 659 1072 713 in
1096 675 1129 714 eo

114 730 237 784 multum
255 728 481 800 reprehensionis
500 745 545 784 me
563 730 741 784 incursurum
759 746 821 783 esse
839 731 919 800 puto,
943 730 1018 798 quod
1036 729 1131 784 missis

118 800 239 870 singulis
254 799 407 867 codicibus,
428 801 463 854 de
478 817 595 869 quorum
609 799 701 870 pretio
715 800 878 855 nullatenus
893 803 1012 871 constat,
1027 817 1132 870 genera

116 875 229 928 tantum
248 888 281 927 ac
300 871 403 927 classes
421 870 558 926 librorum
577 888 663 925 manu
682 873 848 941 scriptorum
867 872 986 941 respexi.
1024 889 1081 942 qua
1102 871 1132 925 in

115 959 147 998 re
165 943 210 997 his
230 940 310 1012 siglis
328 961 394 998 usus
415 960 488 997 sum:

121 1033 149 1086 A
317 1031 437 1098 codices,
457 1031 506 1100 qui
524 1031 665 1102 Simplicii
677 1032 910 1086 commentarium
924 1030 1059 1086 exhibent
1077 1030 1132 1086 sin-

334 1102 388 1156 ulis
416 1103 573 1156 Euchiridii
600 1102 747 1174 particulis
780 1120 830 1157 suo
862 1103 925 1157 loco
957 1101 1132 1172 praemissis:

313 1121 402 1230 laris.
421 1179 489 1229 1959
505 1192 525 1229 s.
541 1173 605 1230 XVI
624 1176 701 1244 (post
715 1173 854 1228 editiones
868 1173 1017 1228 nonnullas
1031 1173 1088 1228 iam
1103 1173 1133 1227 in

313 1245 406 1300 lucem
416 1247 544 1314 emissas)
554 1262 571 1298 a
581 1243 767 1300 Constantino
779 1245 998 1314 (Palaeocappa)
1010 1243 1131 1315 scriptus

316 1317 374 1384 (Pa
397 1315 679 1386 Schweighaeuseri);
705 1315 792 1371 Paris.
815 1323 883 1372 1960
907 1334 928 1372 s.
946 1314 998 1369 XV
1020 1316 1057 1370 ab
1076 1317 1132 1370 An·

313 1387 393 1442 tenio
412 1386 617 1442 Mediolanensi
635 1388 666 1442 in
684 1385 768 1442 Creta
786 1390 917 1442 exaratus
938 1389 1010 1456 (Pb)
1015 1410 1026 1457 ;
1045 1387 1134 1442 codex

314 1453 512 1526 Bononiensis,
541 1475 556 1512 e
582 1457 651 1514 bibl.
675 1458 702 1514 S.
722 1458 878 1513 Salvatoris
902 1461 969 1513 tunc
988 1458 1133 1513 Lutetiam

315 1529 482 1598 adportatas
496 1529 565 1598 (Pt'),
585 1529 633 1598 qui
647 1531 743 1583 tamen
756 1529 822 1583 inde
837 1545 855 1583 a
869 1547 892 1584 c.
907 1535 942 1582 24
962 1547 981 1584 s.
996 1537 1010 1583 2
1025 1531 1134 1583 textum

315 1599 473 1654 Euchiridii
501 1600 605 1668 ubique
633 1601 692 1654 fere
719 1599 880 1654 breviatum
905 1599 1031 1668 exhibet3
1059 1599 1135 1654 idem

315 1670 393 1725 valet
416 1671 451 1725 de
480 1669 638 1725 editione
665 1670 823 1742 principe
847 1670 980 1725 Veneta
1008 1688 1033 1724 a.
1067 1677 1134 1726 1028

241 1741 294 1810 (V)
314 1745 411 1810 (quam
428 1742 526 1796 littera
547 1742 575 1796 V
589 1740 733 1812 indicavi).

119 1883 147 1938 B
314 1883 438 1952 codices,
475 1885 505 1938 in
540 1883 642 1953 quibus
666 1883 815 1954 integrum
848 1882 1031 1939 Enchiridion
1064 1882 1135 1938 sim-

316 1954 395 2025 plicii
420 1955 619 2010 commentario
642 1953 846 2024 praemittitur:
872 1955 959 2010 Paris.
980 1961 1049 2010 2072
1071 1955 1134 2023 (Pe)

317 2044 337 2081 s.
361 2025 413 2081 XV
437 2029 466 2080 et
489 2025 735 2096 Argentoratensis
765 2044 785 2082 s.
805 2027 856 2080 XV
876 2027 964 2097 (Arp,
994 2025 1044 2094 qui
1067 2024 1135 2080 olim

287 2101 292 2110 ’
315 2097 346 2151 in
373 2096 536 2152 Huberiana
562 2097 737 2152 bibliotheca
760 2097 890 2152 Basileae
918 2097 1134 2166 adservabatur)

315 2185 389 2222 nunc
407 2168 468 2238 igni
482 2169 660 2240 absumptus3
680 2186 743 2222 cum
761 2169 862 2237 quibus
877 2167 982 2237 ubique
996 2168 1054 2223 fere
1069 2183 1133 2223 con·

152 2238 298 2307 (adflat.)
319 2239 406 2293 sentit
421 2239 467 2294 ed.
483 2239 674 2294 Haloandri
690 2239 904 2294 basileensis
921 2256 946 2295 a.
964 2245 1040 2296 1629.
1068 2239 1135 2293 inde

317 2325 335 2363 a
352 2309 446 2364 medio
465 2309 522 2364 lere
541 2309 704 2365 Euchiridio
724 2309 887 2380 saepissime
906 2328 969 2365 cum
987 2310 1041 2364 hoe
1059 2309 1135 2364 eodi-

235 2380 301 2448 (B')
319 2397 513 2504 cumfigenere
545 2380 616 2435 facit
642 2380 703 2435 cod.
730 2382 789 2448 Pb,
815 2380 845 2434 id
873 2381 950 2450 quod
972 2380 1070 2435 littera
1095 2381 1134 2434 B'

319 2469 391 2522 signi
414 2468 484 2506 cavi.

125 2594 149 2650 0
321 2593 432 2648 codices
452 2592 542 2648 solum
569 2591 753 2648 Enchiridion
770 2591 961 2648 continentes:
986 2590 1047 2647 Par.
1068 2597 1137 2646 2022

318 2666 397 2733 (Ρά),
413 2670 482 2720 2023
500 2665 571 2733 (Pf),
592 2669 662 2719 2024
674 2665 750 2735 (Pp),
765 2679 835 2732 quos
851 2679 947 2718 omnes
962 2681 983 2719 s.
993 2663 1059 2717 XVI
1078 2678 1138 2718 esse

319 2737 349 2790 in
371 2736 503 2804 catalogo
527 2733 638 2790 Melotii
662 2733 825 2790 affirmatur.
863 2752 925 2790 cnm
947 2734 992 2789 his
1016 2734 1062 2790 vel
1080 2751 1137 2789 om·

258 2809 299 2877 (a)
318 2808 402 2862 nibus
417 2809 461 2862 vel
481 2806 600 2888 singulis
619 2806 697 2860 haud
714 2822 778 2860 raro
797 2805 931 2860 convenit
945 2807 991 2861 ed.
1005 2805 1139 2859 Veneta

318 2877 554 2933 Trincavelhi
574 2895 598 2933 a.
620 2882 688 2932 1535
709 2881 724 2946 (
734 2885 757 2946 ).

320 3021 406 3075 verba
434 3019 591 3075 Euchiridii
619 3019 804 3073 multifariam
832 3017 975 3085 breviata,
1008 3033 1080 3086 quae
1108 3017 1139 3071 in

322 3092 420 3146 classis
440 3093 467 3146 B
491 3091 636 3146 codicibus
662 3090 782 3159 singulis
809 3088 1004 3144 commentarii
1027 3087 1139 3157 Simpli-

321 3162 396 3218 ciani
423 3161 571 3232 particulis
594 3166 740 3230 tamquam
762 3161 897 3214 lemmata
919 3159 1139 3228 praemittuntur

308 3235 374 3301 ,(Pc
401 3234 431 3288 in
460 3234 520 3289 eod.
552 3237 603 3302 Pe,
632 3234 680 3288 Aa
712 3235 742 3287 in
776 3231 837 3287 cod.
865 3231 933 3302 Arp.
967 3230 1139 3300 significavit

322 3303 593 3375 Schweighaeuser);
613 3303 705 3358 simile
724 3303 793 3373 quid
811 3302 841 3356 in
855 3301 916 3358 cod.
935 3303 978 3358 Pb
997 3301 1136 3371 inprime

321 3375 475 3430 Enchiridii
495 3375 587 3446 capite
607 3377 772 3430 observatur
792 3375 886 3440 (Pha).

198 3446 314 3503 Ceterae
332 3449 426 3517 notae,
445 3447 524 3502 velut
545 3452 657 3514 muas),
674 3447 811 3518 rimati),
835 3445 997 3512 neamalis),
1015 3443 1100 3498 facile
1124 3460 1142 3497 a

126 3517 288 3590 legentibus
311 3517 508 3587 expedientur;
531 3518 585 3573 hoc
604 3535 689 3572 unum
708 3533 809 3571 moneo
832 3532 876 3569 me
900 3514 973 3584 sigla
995 3514 1070 3568 nude
1090 3530 1140 3582 po·

127 3590 198 3661 sita,
226 3588 328 3659 quibus
357 3605 472 3644 omnes
501 3588 675 3659 singulorum
704 3604 837 3658 generum
864 3585 931 3641 libri
958 3585 1138 3656 comprehen-
