2650 3930
195 205 261 270 150
345 208 527 261 ΔΡΡιΑΝοο
545 208 619 262 νοω
636 208 853 262 mmor
870 207 1064 261 ΔιΑΤΡιΒοΝ

251 577 304 646 ιε’.
340 583 448 667 Πρὸς
469 584 560 660 τοὺς
583 587 759 668 σκληρῶς
781 598 887 647 τισιν
909 576 961 647 ὧν
984 584 1149 667 ἔκριναν

574 687 821 774 ἐμμένοντας.

157 841 170 890 1
248 824 350 894 Ὅταν
377 828 549 896 ἀκούσωσί
572 853 660 908 τινες
682 831 810 896 τούτων
824 840 900 917 ,τῶν
923 832 1050 913 λόγων,
1077 827 1128 895 ὅτι
1151 827 1209 914 βέ-

191 937 289 1018 βαιον
312 929 398 1001 εἶναι
422 938 476 1001 δεῖ
495 933 551 1002 καὶ
569 937 589 1020 ἡ
609 933 671 1021 μὲν
689 941 881 1023 προαίρεσις
902 935 1083 1023 ἐλεύθερον
1101 937 1207 1020 φύσει

190 1039 246 1105 καί
256 1040 519 1129 ἀνανάγκαστον,
530 1044 571 1109 τὰ
580 1040 612 1107 δ’
625 1044 709 1109 ἀλλα
721 1044 864 1128 κωλυτά,
876 1043 1075 1126 ἀναγκαστά,
1085 1044 1204 1126 δοῦλα,
1234 1070 1249 1112 5

191 1145 361 1235 ἀλλότρια,
383 1148 604 1234 φαντάζονται
627 1149 679 1214 ὅτι
702 1150 757 1215 δεῖ
776 1147 875 1215 παντί
898 1158 944 1237 τῷ
967 1147 1118 1235 κριθέντι
1140 1145 1200 1213 ὑπ’

155 1269 171 1316 2
190 1252 300 1320 αὐτῶν
320 1253 538 1340 ἀπαραβάτως
556 1255 717 1341 ἐμμένειν.
754 1255 838 1321 ἀλλὰ
855 1267 988 1342 πρῶτον
1006 1251 1098 1338 ὑγιὲς
1116 1250 1206 1320 εἶναι
1311 1291 1312 1322 ι

191 1361 245 1426 δεῖ
264 1363 301 1427 τὸ
324 1359 526 1447 κεκριμένον.
571 1359 662 1427 θέλω
681 1362 744 1447 γὰρ
763 1355 849 1427 εἶναι
867 1365 987 1439 τόνους
1010 1360 1047 1427 ἔν
1065 1362 1206 1446 σώματι,

155 1481 171 1529 3
191 1463 262 1532 ἀλλ’
289 1468 334 1544 ὡς
355 1466 553 1552 ὑγιαίνοντι,
575 1468 621 1545 ὡς
643 1466 819 1534 ἀθλοῦντι·
850 1467 892 1534 διν
916 1465 956 1533 δέ
976 1492 1033 1553 μοι
1055 1491 1205 1553 φρενιτι-

190 1581 252 1638 κοῦ
275 1576 394 1651 τόνους
416 1576 501 1660 ἔχων
524 1573 698 1661 ἐνδεικνύῃ
721 1571 777 1639 καὶ
799 1573 980 1662 ἀλαζονεύῃ
1004 1572 1054 1640 ἐπ’
1077 1574 1204 1657 αὐτοῖς,
1220 1603 1247 1643 ιο

154 1692 172 1741 4
191 1677 254 1763 ἐρῶ
275 1696 328 1746 σοι
347 1681 409 1765 ὅτι,
432 1683 602 1765 ἄνθρωπε,
625 1684 711 1765 ζήτει
731 1682 790 1747 τὸν
807 1683 1068 1767 θεραπεύσοντα.
1103 1689 1203 1748 τοῦτο

190 1783 252 1850 οὐκ
274 1784 340 1851 είσί
361 1790 471 1873 τόνοι,
496 1785 568 1853 ἀλλ’
595 1786 719 1853 ἀτονία.
765 1785 879 1874 ἕτερον
901 1791 1026 1875 τρόπον
1048 1790 1204 1853 τοιοῦτόν

189 1915 222 1956 τι
244 1889 300 1957 καὶ
323 1890 376 1958 ἔπὶ
398 1903 457 1978 τῆς
479 1901 586 1978 ψυχῆς
606 1893 793 1980 πάσχουσιν
813 1894 848 1980 ολ
867 1895 1113 1979 παρακούοντες
1135 1901 1204 1958 τῶν

190 1999 300 2079 λόγων
323 1998 460 2063 τούτων.
505 1990 580 2064 οἷον
597 1997 652 2063 καί
671 1998 749 2084 ἐμός
766 2022 816 2076 τις
836 1995 965 2085 ἑταῖρος
988 1999 1021 2078 ἔξ
1046 1999 1204 2084 οὐδεμιᾶς

155 2104 297 2179 οαίτίας
323 2104 453 2188 ἔκρινεν
481 2099 725 2191 ἀποκαρτερεῖν.
771 2107 879 2189 ἔγνων
906 2103 971 2188 ἐγὼ
999 2107 1064 2190 ἤδη
1087 2109 1203 2190 τρίτην
1218 2131 1245 2173 ιε

189 2207 316 2294 ἡμέραν
339 2211 474 2295 ἔχοντος
496 2211 599 2277 αὐτοῦ
622 2221 679 2296 τῆς
704 2210 829 2299 ἀποχῆς
850 2208 907 2277 καί
925 2210 1037 2278 ἔλθὼν
1056 2211 1205 2278 ἐπυνθα-

154 2318 297 2400 6νόμῃν
326 2319 361 2382 τί
385 2315 523 2400 ἐγένετο.
549 2353 587 2363 -
613 2316 774 2404 Κέκρικα,
801 2321 913 2403 φησίν.
936 2355 981 2364 -
1001 2314 1086 2383 Ἀλλ’
1114 2318 1205 2402 ὅμως

188 2425 224 2488 τί
244 2440 280 2489 σε
303 2416 347 2507 ἣν
368 2425 406 2489 τδ
434 2422 632 2504 ἀναπεῖσαν;
662 2425 694 2488 εί
720 2423 783 2511 γὰρ
811 2424 924 2510 ὀρθῶς
951 2426 1097 2508 ἔκρινας,
1126 2425 1203 2489 ίδοὺ

189 2531 456 2616 παρακαθήμεθά
488 2547 542 2597 σοι
571 2529 626 2596 καί
653 2539 882 2615 συνεργοῦμεν
914 2526 959 2596 ἵν’
990 2529 1138 2615 ἐξέλθῃς·
1172 2531 1206 2594 εἰ

154 2633 220 2700 ἰδ’
247 2637 376 2719 ἀλόγως
399 2640 541 2722 ἔκρινας,
564 2637 721 2722 μετάθου.
747 2674 785 2685 -
815 2639 893 2713 Τοῖς
914 2643 1082 2722 κριθεῖσιν
1105 2633 1203 2721 ἔμμέ-
1218 2662 1246 2702 ιο

188 2764 261 2807 νειν
285 2743 404 2807 δεῖ-
427 2746 471 2808 Τί
490 2753 606 2827 ποιεῖς,
629 2743 804 2828 ἀνθρωπε;
827 2742 869 2808 ού
891 2752 1003 2825 πᾶσιν,
1027 2741 1110 2808 ἀλλδι
1132 2753 1204 2820 τοῖς

189 2846 309 2931 ὀρθῶς.
356 2846 426 2913 ἐπεὶ
448 2851 569 2915 παθὼν
592 2850 666 2934 ἄρτι
690 2848 740 2914 ὅτι
769 2848 831 2927 νύξ
861 2847 941 2933 ἔστι,
964 2850 1007 2914 ἀν
1030 2864 1084 2914 σοι
1108 2850 1202 2934 δοκῇ,

189 2952 233 3036 μὴ
252 2957 460 3038 μετατίθεσο,
482 2954 553 3021 ἀλλ’
572 2958 691 3041 ἔμμενε
709 2952 764 3020 καί
783 2953 858 3037 λένε
877 2954 927 3020 ὅτι
946 2965 1016 3031 τοῖς
1033 2960 1203 3040 κριθεῖσιν

260 3169 330 3231 4sq.
343 3161 378 3219 cf.
389 3163 475 3220 Ench.
489 3169 512 3232 1,
523 3171 552 3223 2:
567 3163 616 3219 καλ
630 3163 665 3220 τὰ
680 3163 731 3235 μὲν
746 3157 794 3233 ἔφ’
810 3162 877 3235 ἡμῖν
892 3159 950 3218 ἔστι
964 3162 1049 3233 φύσει
1063 3157 1204 3235 ἐλεύθερα

187 3263 202 3274 ·
215 3265 229 3274 -
242 3265 256 3275 -
273 3233 309 3288 τδι
327 3231 356 3287 δ’
378 3235 429 3289 ούκ
448 3229 496 3303 ἔφ’
512 3234 578 3305 ἡμῖν
597 3236 717 3304 ἀσθενῆ,
736 3236 832 3303 δοῦλοι,
851 3234 968 3304 κωλυτά,
988 3231 1128 3305 ἀλλότρια.
1166 3233 1204 3291 cf.

189 3304 277 3358 etiam
294 3304 416 3374 gnomol.
436 3305 589 3359 stobaeani
607 3306 658 3363 ecl.
673 3312 716 3361 31.

262 3502 368 3549 1τισιν
386 3513 413 3551 ε.-
430 3497 558 3554 τινῶνδ
585 3501 595 3568 ΙΙ
628 3503 660 3552 10
680 3492 856 3568 ἔνδεικνύῃις
873 3498 906 3555 S:
927 3515 1029 3556 σοντι
1060 3500 1069 3568 ΙΙ
1101 3504 1136 3553 20
1155 3519 1206 3570 με-

189 3569 281 3622 ταθού
301 3565 333 3622 S:
351 3583 421 3622 corr.
440 3567 472 3627 Sa
