2626 3924
101 231 152 288 (IV,
166 233 186 286 ε,
200 228 289 279 κε-εε)
384 219 553 272 'BIBAION
569 220 767 273 ΤΕΤΔΡΓΟΝ.
792 218 829 275 ε’.
1052 217 1119 283 359

101 391 170 448 τῶν
197 378 253 446 καὶ
279 377 413 446 δούλοιν
440 381 480 445 τὰ
503 379 655 446 άθάυατα
682 377 737 446 καὶ
759 381 858 466 φύσει
881 377 1042 467 ἐλεύθερα
1066 383 1120 446 έκ-

101 497 235 566 πουείνς
266 483 345 552 οὐδὲ
367 488 579 571 μεμνήμεθα,
606 485 656 551 ὅτι
680 487 757 552 οὔτε
779 486 916 570 βλάπτει
939 488 1038 564 άλλος
1061 489 1120 552 όίλ-

102 599 165 660 λον
188 593 264 659 οὔτε
287 592 419 677 ὠφελεί,
442 592 526 657 ἀλλὰ
543 593 580 657 τὸ
599 589 675 677 περὶ
693 589 832 659 ἑκάστου
851 594 978 660 τούτων
999 594 1120 678 δόγμα,

102 702 202 766 τοῦτό
233 697 304 764 ἐστι
334 699 371 763 τὸ
401 697 565 783 βλάπτον,
596 707 694 764 τοῦτο
722 698 759 763 τὸ
787 695 987 784 άνατρέπον,
1018 709 1118 765 τοῦτο

70 806 206 892 εμάχη,
237 813 335 870 τοῦτο
366 803 496 887 στάσις,
526 812 624 870 τοῦτο
656 806 807 889 πόλεμος.
860 802 1029 871 Ἐτεοκλέα
1060 803 1116 870 καὶ
1134 820 1172 868 ευ

101 914 294 995 Πολυνείκη
321 912 359 976 τὸ
382 911 560 994 πεποιηκὸς
582 909 644 976 οὐκ
667 911 748 976 άλλο
771 910 792 994 ἢ
816 918 913 976 τοῦτο
936 912 973 976 τὸ
997 911 1118 996 δόγμα,

100 1019 140 1083 τὸ
163 1015 239 1104 περὶ
260 1017 473 1102 τυραννίδος,
499 1016 538 1080 τὸ
565 1016 674 1100 δόγμα
696 1017 733 1081 τὸ
757 1013 834 1101 περὶ
855 1025 980 1101 φυγῆς,
1004 1015 1055 1081 ὅτι
1078 1019 1117 1082 τὸ

101 1119 165 1206 μὲν
187 1124 324 1207 ἔσχατον
346 1133 414 1188 τῶν
436 1131 558 1206 κακῶν,
580 1123 617 1187 τὸ
641 1118 679 1188 δὲ
701 1121 856 1206 μέγιστον
879 1133 948 1187 τῶν
967 1121 1116 1206 ἀγαθῶν.

100 1229 202 1314 φάσις
225 1226 256 1294 δ’
281 1228 364 1311 αὕτη
387 1229 510 1305 παντὸς
532 1229 570 1293 τὸ
594 1228 727 1294 διώκειν
749 1231 787 1294 τὸ
811 1229 953 1313 άγαθόν,
978 1230 1117 1314 φεύγειν
1134 1245 1171 1293 30

59 1360 87 1400 ιο
100 1337 138 1401 τὸ
156 1337 272 1402 κακόν·
291 1337 350 1400 τὸν
368 1332 619 1419 ἀφαιρούμενον
636 1333 782 1420 θατέρου
800 1332 856 1400 καὶ
873 1333 1118 1420 περιβάλλοντα

100 1449 147 1530 τῷ
167 1440 319 1529 έναντίφ,
340 1449 461 1506 τοῦτον
478 1440 634 1523 ἡγεῖσθαι
651 1438 822 1525 πολέμιον,
843 1440 1034 1526 ἐπίβουλον,
1052 1440 1117 1507 κάν

101 1547 245 1632 ἀδελφὸς
273 1540 314 1634 ᾖ,
340 1545 403 1612 κάν
430 1547 521 1630 υίός,
552 1545 615 1610 κάν
642 1547 758 1630 πατήρ.
803 1554 862 1612 τοῖ
891 1548 954 1634 γάρ
982 1545 1116 1630 άγαθοῦ
1135 1564 1170 1612 31

101 1652 360 1740 συγγενέστερον
379 1650 493 1718 οὐδέν·
512 1653 630 1719 λοιπὸν
647 1652 680 1717 εί
696 1661 798 1717 ταῦτα
817 1650 928 1734 άγαθδ
946 1650 1002 1718 καὶ
1019 1653 1116 1737 κακά,

101 1761 178 1825 οὔτε
200 1760 306 1846 πατὴρ
328 1759 416 1836 υίοίς
438 1762 536 1843 φίλος
563 1755 632 1824 οὔτ’
660 1757 804 1842 ἀδελφὸς
831 1756 981 1844 ἀδελφῷ,
1007 1758 1116 1823 πάντα

60 1889 87 1929 15
102 1863 140 1931 δὲ
157 1876 326 1952 πανταχοῦ
345 1866 447 1951 μεστὰ
464 1867 645 1950 πολεμίων,
663 1863 862 1948 ἐπιβούλων,
886 1874 1114 1950 συκοφαντῶν.

100 1973 133 2037 εί
158 1968 190 2037 δ’
220 1973 275 2038 οία
303 1973 357 2038 δεί
380 1974 581 2058 προαίρεσις,
613 1980 710 2036 τοῦτο
743 1973 849 2055 μόνον
876 1969 1007 2053 ἀγαθόν
1034 1968 1116 2056 ἐστι,
1133 1987 1169 2036 32

99 2075 155 2142 καὶ
178 2078 232 2144 οία
250 2079 294 2162 μὴ
314 2080 377 2162 δεῖ,
399 2087 496 2143 τοῦτο
516 2079 622 2160 μόνον
639 2079 755 2160 κακόν,
776 2084 843 2142 ποῦ
861 2077 909 2141 ἔτι
927 2076 1026 2162 μάχη,
1048 2087 1116 2143 ποῦ

100 2186 267 2270 λοιδορίας
304 2180 380 2265 περὶ
414 2188 531 2260 τίνωνς
563 2179 639 2268 περὶ
671 2193 738 2248 τῶν
767 2179 869 2248 οὐδὲν
900 2184 984 2270 πρὸς
1015 2182 1115 2267 ἡμᾶςς

99 2292 182 2376 πρὸς
204 2291 310 2366 τίναςς
337 2290 420 2374 πρὸς
442 2291 520 2364 τοὺς
542 2286 763 2372 ἀγνοοῦντας,
789 2290 872 2374 πρὸς
894 2291 972 2365 τοὺς
995 2289 1117 2355 δυστυ-

59 2419 86 2459 εο
100 2405 252 2482 χοῦντας,
274 2397 357 2481 πρὸς
379 2395 457 2469 τοὺς
478 2389 708 2476 ἠπατημένους
729 2389 804 2477 περὶ
827 2402 894 2457 τῶν
917 2393 1095 2476 μεγίστους

171 2501 308 2568 Τούτων
326 2498 506 2587 Σωκράτης
528 2496 735 2583 μεμυημένος
757 2498 819 2580 τὴν
841 2498 950 2563 οίκίαν
972 2498 1034 2580 την
1055 2497 1114 2562 αὑ·
1132 2515 1168 2564 33

99 2619 160 2676 τοῦ
184 2607 261 2697 ᾤκει
283 2608 442 2692 γυναικὸς
460 2605 659 2690 ἀνεχόμενος
676 2604 890 2692 τραχυτάτης,
911 2604 989 2668 υίοῦ
1009 2603 1116 2687 ἀγνώ-

100 2739 212 2799 μονος.
257 2724 390 2801 τραχελα
422 2712 485 2798 γδιρ
517 2713 600 2796 πρὸς
626 2714 662 2776 τί
684 2705 741 2794 ἧνς
775 2707 820 2776 ἵν’
852 2710 945 2791 ὕδωρ
973 2709 1115 2796 καταχέῃ

99 2828 158 2903 τῆς
180 2825 326 2904 κεφαλῆς
348 2819 429 2884 ὅσον
451 2814 508 2882 καὶ
525 2814 630 2900 θέλει,
652 2818 708 2882 ἵνα
727 2817 938 2901 καταπατήσῃ
956 2817 1015 2881 τὸν
1033 2820 1117 2881 πλα-

59 2945 87 2988 ετ
101 2935 238 2991 κοῦντα·
266 2927 323 2990 καλ
349 2927 384 2990 τί
402 2925 485 3010 πρὸς
508 2921 580 3007 ἐμέ,
608 2921 650 2987 δν
673 2921 829 3006 ὑπολάβω
854 2921 904 2987 ὅτι
926 2931 1028 2990 ταῦτα
1052 2922 1116 2988 οὐκ

101 3050 315 3060 ,------

191 3122 259 3184 2sq.
279 3115 313 3171 cf.
332 3115 419 3170 Enoh.
434 3121 481 3170 30:
505 3113 535 3169 σὲ
558 3113 641 3177 ἄλλος
663 3114 697 3169 οό
721 3111 832 3186 βλάψει,
852 3113 888 3168 άν
908 3112 945 3182 μὴ
965 3115 999 3167 σὺ
1016 3112 1115 3186 θέλῃς.

100 3187 164 3243 τότε
183 3187 214 3242 δὲ
230 3185 279 3258 ἔσῃ
317 3184 495 3259 εβλαμμένος,
514 3182 582 3239 όταν
600 3183 743 3257 ὑπολάβῃς
779 3184 946 3240 λάπτεοθαι.

191 3262 278 3328 5sqq.
298 3187 385 3313 {neh
399 3262 443 3325 31,
457 3261 475 3309 4
493 3256 539 3324 (cf.
559 3271 633 3323 quae
650 3255 715 3310 adn.
736 3186 778 3309 οδ
790 3255 824 3324 11,
837 3261 880 3324 22,
897 3257 950 3325 14).

83 3411 86 3416 “
173 3335 208 3455 ἐξ
218 3347 262 3455 soqf.
278 3327 432 3462 <δίλλιΙέιαιθΓδί,
443 3326 650 3466 ξλιδξάδέἧί,
664 3395 746 3465 δόθδς
764 3395 905 3452 A01;Var.
920 3395 988 3453 hist.
1007 3398 1056 3468 XI,
1072 3403 1116 3454 12.

173 3583 207 3632 21
227 3573 336 3632 οἰκείαν
354 3573 387 3630 S:
405 3589 474 3630 αοντ.
492 3591 527 3630 m.
543 3591 587 3645 φτ.
620 3576 631 3645 Ι
662 3575 748 3630 αὐτοῦ
767 3573 802 3630 S:
820 3591 922 3632 eorm
