2608 3928
113 216 166 271 (ιιι,
181 220 213 270 ιι,
228 213 316 264 ιο-ιι)
394 205 547 258 BIBAION
565 206 760 258 TETAPTON.
791 205 842 260 ια’.
1065 205 1128 270 391

113 363 384 451 ἀναστρέφεσθαι
413 368 504 442 τίνος
534 381 587 430 σοι
616 367 781 449 φαίνεται;
814 368 845 432 εί
877 365 907 432 δ’
941 368 1042 434 ίππον
1076 385 1129 435 σοι
1152 385 1184 434 17

113 473 322 538 πεπιστεύκει
341 471 361 555 ἡ
381 471 492 556 φάσις,
514 472 695 558 περιεώρας
717 473 820 539 αὐτὸν
838 471 893 539 καὶ
912 472 1130 558 άτημέλητον;

114 577 170 643 καὶ
199 587 264 644 νῦν
293 583 369 644 οίου
400 594 461 644 σου
492 581 529 644 τὸ
558 589 651 663 σῶμα
678 579 722 655 ὡς
749 580 851 645 ἵππον
875 578 1130 666 ἐγκεχειρίσθαι·

114 689 243 750 πλῦνον
266 684 359 768 αὐτό,
382 683 584 769 ἀπόσμηξον,
606 686 748 768 ποίησον
766 686 833 768 ἵνα,
856 702 892 750 σε
915 684 1029 770 μηδεὶς
1051 688 1131 754 ἀπο-

87 789 310 877 εστρέφηται,
337 787 452 876 μηθεὶς
479 788 678 875 έκτρέπχται.
724 794 774 868 τίς
801 787 832 856 δ’
860 791 921 857 οὐκ
944 791 1130 878 ἐκτρέπεται
1152 811 1184 858 18

114 898 266 983 ῥυπαρὸν
290 898 487 983 άνθρωπον,
511 899 645 981 ὄζοντα,
667 900 853 982 κακόχρουν
877 904 1005 982 μᾶλλον
1028 899 1048 983 ἢ
1071 901 1131 964 τὸν

58 992 62 998 ’
113 1001 382 1090 κεκοπριομένον;
414 1003 522 1088 ἐκείνη
550 1003 570 1086 ἡ
595 1003 679 1088 ὀσμὴ
704 1002 830 1082 ἔξωθέν
854 1004 943 1070 ἐστιν
967 1002 1130 1089 έπίθετος,

114 1104 186 1192 ἡδ’
208 1109 241 1188 ἐξ
265 1109 509 1197 ἀθεραπευσίας
528 1111 657 1175 ἔσωθεν
680 1107 735 1175 καὶ
757 1108 860 1176 οίονελ
884 1113 1129 1195 θιασεσηπότος.

179 1213 471 1301 ἈλλάΣωκράτης
490 1215 638 1298 ὀλιγάκις
656 1215 798 1282 ἐλούετο.
814 1255 856 1264 -
868 1214 965 1281 Ἀλλά
979 1218 1129 1300 ἔστιλβον
1151 1235 1182 1283 ιο

73 1344 101 1383 ιο
115 1322 218 1389 αὐτοῦ
241 1324 279 1387 τὸ
303 1332 408 1406 σῶμα,
431 1320 502 1387 ἀλλ’
524 1318 567 1405 ἦν
591 1322 696 1398 οὕτως
719 1321 849 1408 ἐπίχαρι
871 1321 927 1388 καὶ
949 1322 1025 1407 ἡδύ,
1049 1317 1127 1388 ὥστ’

114 1431 206 1516 ἥρων
233 1429 336 1495 αὐτοῦ
364 1429 399 1493 οί
424 1429 619 1513 ὡραιότατοι
649 1426 705 1493 καὶ
735 1427 963 1512 εὐγενέστατοι
991 1426 1047 1495 καὶ
1075 1429 1130 1494 έπ-

115 1535 266 1618 εθύμουν
289 1533 404 1623 ἐκείνῳ
427 1539 772 1620 παρακατακλίνεσθαι
797 1539 923 1617 μᾶλλον
942 1533 962 1617 ἢ
984 1547 1053 1612 τοῖς
1075 1536 1130 1600 εὐ-

115 1640 343 1726 μορφοτάτοις.
390 1637 466 1723 ἐξῆν
489 1637 602 1729 έκείνρι
622 1641 702 1724 μήτε
722 1639 883 1705 λούεσθαι
907 1643 986 1723 μήτε
1009 1641 1129 1706 πλύνε-

115 1753 212 1830 σθαι,
244 1747 276 1811 εί
305 1747 421 1830 ἤθελε·
454 1747 560 1810 καίτοι
587 1742 643 1810 καὶ
675 1746 712 1811 τὸ
741 1742 888 1827 ὀλιγάκις
921 1745 1018 1828 ίσχὺν
1052 1741 1128 1830 εἶχε.

74 1876 100 1916 ιι
115 1852 177 1918 κάν
200 1859 314 1940 θερμῷ
339 1854 382 1937 μὴ
405 1851 520 1938 θέλῃς,
541 1859 668 1948 ψυχρῷ.
693 1887 732 1897 -
754 1847 852 1914 Ἀλλά
875 1847 963 1933 λέγει
982 1846 1129 1937 Ἀριστο-
1147 1868 1182 1917 20

116 1983 223 2044 90an
275 2045 339 2109 τοὺς
358 2045 525 2116 ὠχριῶντας,
543 2045 607 2108 τοὺς
626 2041 822 2110 ἀνυποδήτους
841 2040 918 2113 λέγω.
934 2074 969 2082 -

115 2170 215 2256 Λέγει
248 2173 311 2256 γάρ
344 2169 398 2236 καὶ
432 2170 626 2256 άεροβατεῖν
653 2171 756 2237 αὐτὸν
782 2168 837 2235 καὶ
866 2168 903 2235 έκ
929 2178 987 2254 τῆς
1012 2172 1130 2234 παλαί-

116 2294 214 2364 στρας
236 2275 387 2343 κλέπτειν
409 2278 449 2342 τὰ
472 2277 592 2361 ίμάτια.
639 2274 713 2341 έπεί
736 2299 787 2341 τοι
814 2276 934 2352 πάντες
957 2276 992 2340 οί
1012 2299 1129 2360 γεγρα·
1147 2291 1181 2339 21

73 2408 101 2447 ιο
116 2387 214 2468 φότες
242 2382 320 2470 περὶ
349 2383 549 2469 Σωκράτους
579 2383 687 2448 πάντα
717 2381 874 2447 τάναντία
907 2379 995 2465 αὐτῷ
1028 2398 1130 2464 προσ-

115 2497 358 2575 μαρτυροῦσιν,
385 2489 436 2553 ὅτι
462 2489 545 2572 ἡδὺς
573 2489 613 2554 οὐ
641 2490 746 2572 μόνον
777 2484 932 2569 ἀκοῦσαι,
964 2484 1048 2549 ἀλλὰ
1074 2483 1130 2550 καὶ

116 2597 201 2662 ίδείν
223 2591 273 2680 ἦν.
319 2595 420 2660 πάλιν
442 2592 517 2679 περὶ
534 2592 721 2678 Διογένους
738 2591 840 2658 ταύτὰ
863 2590 1039 2676 γράφουσι.
1079 2593 1133 2656 δεῖ
1150 2609 1183 2656 22

114 2704 178 2788 γάρ
209 2698 292 2788 μηδὲ
321 2702 402 2766 κατά
432 2700 493 2784 τὴν
524 2700 588 2766 ἀπὸ
618 2710 678 2766 τοῦ
710 2700 859 2783 σώματος
889 2699 1033 2782 ἔμφασιν
1065 2696 1128 2763 ἀπὸ

115 2837 329 2846 ——---

205 2935 221 2983 9
241 2927 275 2982 of.
299 2927 372 2983 Plat.
392 2927 485 2996 Symp.
503 2932 591 2983 lna:
615 2925 770 2997 Σωκράτην
788 2957 803 2966 -
821 2924 988 2996 λελουμένον
1006 2957 1020 2966 -
1033 2957 1048 2966 -
1060 2957 1084 2994 -,
1110 2923 1129 2978 ἃ

117 2993 224 3062 ἐκεῖνος
242 2997 365 3068 ὀλιγάκις
384 2993 483 3054 ἐποίει.

189 3077 222 3125 10
233 3087 292 3138 sqq.
312 3071 347 3126 cf.
367 3069 439 3125 plat.
460 3068 554 3138 Symp.
568 3074 621 3123 217
632 3085 673 3136 sq.

190 3148 223 3196 1⁷
241 3141 384 3210 Aristoph.
403 3139 543 3195 Nub.102
563 3137 680 3208 (λέγεις).

189 3217 222 3267 18
233 3229 273 3281 sq.
296 3210 334 3267 ib.
350 3217 402 3266 22⁶
422 3211 587 3283 (ἀεροβατῶ)
611 3211 640 3264 et
664 3215 714 3264 179
738 3204 782 3279 (ἐκ
800 3216 848 3278 τῆς
871 3209 1043 3279 παλαίστρας
1065 3205 1131 3262 θοί-

116 3283 216 3354 μάτιον
234 3284 382 3352 ὑφείλετο).

188 3497 273 3552 θκαλ
287 3501 351 3566 post
369 3495 455 3550 αὐτὸν
474 3495 557 3550 [λεία
593 3497 601 3564 ΙΙ
638 3493 763 3549 mss
798 3494 807 3562 ΙΙ
845 3490 1004 3566 θέστιλβεν
1022 3509 1048 3547 s:
1073 3488 1130 3546 ἔστι

116 3568 208 3638 μὲνὸ
240 3571 249 3638 ΙΙ
281 3572 315 3621 22
334 3575 422 3620 ταῦτα
441 3566 473 3622 S:
492 3582 560 3622 corr.
580 3565 610 3625 So
