<?xml version="1.0" encoding="UTF-8"?>
<!DOCTYPE html PUBLIC "-//W3C//DTD XHTML 1.0 Transitional//EN"
    "http://www.w3.org/TR/xhtml1/DTD/xhtml1-transitional.dtd">
<html xmlns="http://www.w3.org/1999/xhtml" xml:lang="en" lang="en">
 <head>
  <title>
</title>
<meta http-equiv="Content-Type" content="text/html;charset=utf-8" />
  <meta name='ocr-system' content='tesseract 3.04.00' />
  <meta name='ocr-capabilities' content='ocr_page ocr_carea ocr_par ocr_line ocrx_word'/>
</head>
<body>
  <div class='ocr_page' id='page_1' title='image "./dissertationesa00epicgoog/dissertationesa00epicgoog_0247.png"; bbox 0 0 2650 3930; ppageno 0'>
   <div class='ocr_carea' id='block_1_1' title="bbox 179 175 1045 239">
    <p class='ocr_par' dir='ltr' id='par_1_1' title="bbox 179 175 1045 239">
     <span class='ocr_line' id='line_1_1' title="bbox 179 175 1045 239; baseline -0.012 -1"><span class='ocrx_word' id='word_1_1' title='bbox 179 175 244 239; x_wconf 82' lang='grc'><strong><em>164</em></strong></span> <span class='ocrx_word' id='word_1_2' title='bbox 324 177 506 229; x_wconf 73' lang='grc' dir='ltr'><strong><em>ΑΡΡιΑαον</em></strong></span> <span class='ocrx_word' id='word_1_3' title='bbox 524 177 599 228; x_wconf 58' lang='lat' dir='ltr'><strong><em>Tm&lt;</em></strong></span> <span class='ocrx_word' id='word_1_4' title='bbox 616 178 833 229; x_wconf 74' lang='grc' dir='ltr'><strong><em>ΕΠικυαυου</em></strong></span> <span class='ocrx_word' id='word_1_5' title='bbox 851 178 1045 229; x_wconf 73' lang='grc' dir='ltr'><strong><em>Διετνιυωα</em></strong></span> 
     </span>
    </p>
   </div>
   <div class='ocr_carea' id='block_1_2' title="bbox 123 334 1244 2006">
    <p class='ocr_par' dir='ltr' id='par_1_2' title="bbox 176 334 1194 422">
     <span class='ocr_line' id='line_1_2' title="bbox 176 334 1194 422; baseline 0 -22"><span class='ocrx_word' id='word_1_6' title='bbox 176 335 410 419; x_wconf 82' lang='grc' dir='ltr'><strong><em>έπιβάλλεσθε,</em></strong></span> <span class='ocrx_word' id='word_1_7' title='bbox 438 340 658 420; x_wconf 84' lang='grc' dir='ltr'><strong><em>προτίθεσθε,</em></strong></span> <span class='ocrx_word' id='word_1_8' title='bbox 680 337 783 403; x_wconf 82' lang='grc' dir='ltr'><strong><em>ταύτὰ</em></strong></span> <span class='ocrx_word' id='word_1_9' title='bbox 806 339 961 422; x_wconf 85' lang='grc' dir='ltr'><strong><em>εύχεσθε,</em></strong></span> <span class='ocrx_word' id='word_1_10' title='bbox 987 334 1063 422; x_wconf 84' lang='grc' dir='ltr'><strong><em>περὶ</em></strong></span> <span class='ocrx_word' id='word_1_11' title='bbox 1085 335 1194 401; x_wconf 77' lang='grc' dir='ltr'><strong><em>ταύτὰ</em></strong></span> 
     </span>
    </p>

    <p class='ocr_par' dir='ltr' id='par_1_3' title="bbox 125 437 1244 845">
     <span class='ocr_line' id='line_1_3' title="bbox 125 437 1192 528; baseline 0.002 -22"><span class='ocrx_word' id='word_1_12' title='bbox 125 460 157 508; x_wconf 74' lang='grc'><strong><em>37</em></strong></span> <span class='ocrx_word' id='word_1_13' title='bbox 178 442 384 520; x_wconf 78' lang='grc' dir='ltr'><strong><em>σπουδάζετε.</em></strong></span> <span class='ocrx_word' id='word_1_14' title='bbox 422 437 491 508; x_wconf 77' lang='grc' dir='ltr'><strong><em>εἶτα</em></strong></span> <span class='ocrx_word' id='word_1_15' title='bbox 510 439 590 508; x_wconf 72' lang='grc' dir='ltr'><strong><em>οὐδὲ</em></strong></span> <span class='ocrx_word' id='word_1_16' title='bbox 613 446 733 526; x_wconf 81' lang='grc' dir='ltr'><strong><em>ζητεῖτε</em></strong></span> <span class='ocrx_word' id='word_1_17' title='bbox 754 445 814 509; x_wconf 90' lang='grc' dir='ltr'><strong><em>τὸν</em></strong></span> <span class='ocrx_word' id='word_1_18' title='bbox 832 443 1068 528; x_wconf 83' lang='grc' dir='ltr'><strong><em>ὑπομνησοντα</em></strong></span> <span class='ocrx_word' id='word_1_19' title='bbox 1091 443 1192 528; x_wconf 84' lang='grc' dir='ltr'><strong><em>ὑμᾶς,</em></strong></span> 
     </span>
     <span class='ocr_line' id='line_1_4' title="bbox 176 544 1190 634; baseline 0.003 -22"><span class='ocrx_word' id='word_1_20' title='bbox 176 545 247 612; x_wconf 88' lang='grc' dir='ltr'><strong><em>ἀλλ’</em></strong></span> <span class='ocrx_word' id='word_1_21' title='bbox 270 548 431 632; x_wconf 85' lang='grc' dir='ltr'><strong><em>ἀχθεσθε,</em></strong></span> <span class='ocrx_word' id='word_1_22' title='bbox 454 546 513 614; x_wconf 86' lang='grc' dir='ltr'><strong><em>έδιν</em></strong></span> <span class='ocrx_word' id='word_1_23' title='bbox 531 547 672 632; x_wconf 81' lang='grc' dir='ltr'><strong><em>ἀκούητε</em></strong></span> <span class='ocrx_word' id='word_1_24' title='bbox 690 550 826 614; x_wconf 91' lang='grc' dir='ltr'><strong><em>τούτων.</em></strong></span> <span class='ocrx_word' id='word_1_25' title='bbox 873 544 942 614; x_wconf 83' lang='grc' dir='ltr'><strong><em>εἶτα</em></strong></span> <span class='ocrx_word' id='word_1_26' title='bbox 966 548 1074 632; x_wconf 87' lang='grc' dir='ltr'><strong><em>λέγετε</em></strong></span> <span class='ocrx_word' id='word_1_27' title='bbox 1099 549 1190 634; x_wconf 66' lang='grc' dir='ltr'><strong><em>ἀφι-</em></strong></span> 
     </span>
     <span class='ocr_line' id='line_1_5' title="bbox 177 653 1188 741; baseline 0.003 -23"><span class='ocrx_word' id='word_1_28' title='bbox 177 656 354 739; x_wconf 89' lang='grc' dir='ltr'><strong><em>λόστοργος</em></strong></span> <span class='ocrx_word' id='word_1_29' title='bbox 376 653 497 738; x_wconf 90' lang='grc' dir='ltr'><strong><em>γέρων·</em></strong></span> <span class='ocrx_word' id='word_1_30' title='bbox 521 653 736 741; x_wconf 83' lang='grc' dir='ltr'><strong><em>έξερχομένου</em></strong></span> <span class='ocrx_word' id='word_1_31' title='bbox 759 678 824 739; x_wconf 89' lang='grc' dir='ltr'><strong><em>μου</em></strong></span> <span class='ocrx_word' id='word_1_32' title='bbox 846 656 908 720; x_wconf 87' lang='grc' dir='ltr'><strong><em>οὐκ</em></strong></span> <span class='ocrx_word' id='word_1_33' title='bbox 931 657 1090 722; x_wconf 73' lang='grc' dir='ltr'><strong><em>ἔκλαυσεν</em></strong></span> <span class='ocrx_word' id='word_1_34' title='bbox 1109 655 1188 721; x_wconf 86' lang='grc' dir='ltr'><strong><em>οὐδ’</em></strong></span> 
     </span>
     <span class='ocr_line' id='line_1_6' title="bbox 175 754 1244 845; baseline -0.001 -22"><span class='ocrx_word' id='word_1_35' title='bbox 175 754 267 824; x_wconf 78' lang='grc' dir='ltr'><strong><em>εἶπεν</em></strong></span> <span class='ocrx_word' id='word_1_36' title='bbox 290 761 359 843; x_wconf 89' lang='grc' dir='ltr'><strong><em>,,είς</em></strong></span> <span class='ocrx_word' id='word_1_37' title='bbox 377 761 452 825; x_wconf 83' lang='grc' dir='ltr'><strong><em>οἵαν</em></strong></span> <span class='ocrx_word' id='word_1_38' title='bbox 470 764 662 844; x_wconf 89' lang='grc' dir='ltr'><strong><em>περίστασιν</em></strong></span> <span class='ocrx_word' id='word_1_39' title='bbox 688 758 882 845; x_wconf 79' lang='grc' dir='ltr'><strong><em>ἀπέρχομαι·</em></strong></span> <span class='ocrx_word' id='word_1_40' title='bbox 905 760 1034 845; x_wconf 87' lang='grc' dir='ltr'><strong><em>τέκνον,</em></strong></span> <span class='ocrx_word' id='word_1_41' title='bbox 1057 761 1099 826; x_wconf 84' lang='grc' dir='ltr'><strong><em>ἀν</em></strong></span> <span class='ocrx_word' id='word_1_42' title='bbox 1121 779 1192 828; x_wconf 88' lang='grc' dir='ltr'><strong><em>σω-</em></strong></span> <span class='ocrx_word' id='word_1_43' title='bbox 1227 781 1244 822; x_wconf 84' lang='lat'><strong>5</strong></span> 
     </span>
    </p>

    <p class='ocr_par' dir='ltr' id='par_1_4' title="bbox 123 863 1193 1248">
     <span class='ocr_line' id='line_1_7' title="bbox 123 863 1192 952; baseline 0.003 -21"><span class='ocrx_word' id='word_1_44' title='bbox 123 883 157 931; x_wconf 83' lang='lat'><strong><em>38</em></strong></span> <span class='ocrx_word' id='word_1_45' title='bbox 176 871 252 951; x_wconf 75' lang='grc' dir='ltr'><strong><em>θῇς,</em></strong></span> <span class='ocrx_word' id='word_1_46' title='bbox 274 867 349 943; x_wconf 82' lang='grc' dir='ltr'><strong><em>ἀψω</em></strong></span> <span class='ocrx_word' id='word_1_47' title='bbox 373 866 564 952; x_wconf 86' lang='grc' dir='ltr'><strong><em>λύχνους“’.</em></strong></span> <span class='ocrx_word' id='word_1_48' title='bbox 601 863 691 932; x_wconf 87' lang='grc' dir='ltr'><strong><em>ταῦτ’</em></strong></span> <span class='ocrx_word' id='word_1_49' title='bbox 719 868 787 931; x_wconf 80' lang='grc' dir='ltr'><strong><em>ἔστι</em></strong></span> <span class='ocrx_word' id='word_1_50' title='bbox 809 868 849 931; x_wconf 88' lang='grc' dir='ltr'><strong><em>τά</em></strong></span> <span class='ocrx_word' id='word_1_51' title='bbox 871 876 931 932; x_wconf 87' lang='grc' dir='ltr'><strong><em>τοῦ</em></strong></span> <span class='ocrx_word' id='word_1_52' title='bbox 954 869 1192 952; x_wconf 88' lang='grc' dir='ltr'><strong><em>φιλοστόργου.</em></strong></span> 
     </span>
     <span class='ocr_line' id='line_1_8' title="bbox 176 970 1193 1062; baseline 0.003 -26"><span class='ocrx_word' id='word_1_53' title='bbox 176 970 258 1055; x_wconf 85' lang='grc' dir='ltr'><strong><em>μέγα</em></strong></span> <span class='ocrx_word' id='word_1_54' title='bbox 292 989 345 1038; x_wconf 93' lang='grc' dir='ltr'><strong><em>σοι</em></strong></span> <span class='ocrx_word' id='word_1_55' title='bbox 377 971 508 1056; x_wconf 89' lang='grc' dir='ltr'><strong><em>ἀγαθὸν</em></strong></span> <span class='ocrx_word' id='word_1_56' title='bbox 542 974 631 1037; x_wconf 74' lang='grc' dir='ltr'><strong><em>ἔσται</em></strong></span> <span class='ocrx_word' id='word_1_57' title='bbox 665 970 818 1038; x_wconf 76' lang='grc' dir='ltr'><strong><em>σωθέντι.</em></strong></span> <span class='ocrx_word' id='word_1_58' title='bbox 871 973 1011 1062; x_wconf 81' lang='grc' dir='ltr'><strong><em>τοιούτῳ</em></strong></span> <span class='ocrx_word' id='word_1_59' title='bbox 1042 971 1098 1038; x_wconf 81' lang='grc' dir='ltr'><strong><em>καὶ</em></strong></span> <span class='ocrx_word' id='word_1_60' title='bbox 1129 977 1193 1040; x_wconf 88' lang='grc' dir='ltr'><strong><em>λύ-</em></strong></span> 
     </span>
     <span class='ocr_line' id='line_1_9' title="bbox 175 1074 1192 1163; baseline 0.004 -21"><span class='ocrx_word' id='word_1_61' title='bbox 175 1101 258 1162; x_wconf 93' lang='grc' dir='ltr'><strong><em>χνον</em></strong></span> <span class='ocrx_word' id='word_1_62' title='bbox 281 1078 440 1160; x_wconf 85' lang='grc' dir='ltr'><strong><em>&lt;άπτειν&gt;</em></strong></span> <span class='ocrx_word' id='word_1_63' title='bbox 464 1076 571 1156; x_wconf 84' lang='grc' dir='ltr'><strong><em>ἀξιον·</em></strong></span> <span class='ocrx_word' id='word_1_64' title='bbox 599 1077 771 1143; x_wconf 87' lang='grc' dir='ltr'><strong><em>ἀθάνατον</em></strong></span> <span class='ocrx_word' id='word_1_65' title='bbox 793 1080 857 1163; x_wconf 84' lang='grc' dir='ltr'><strong><em>γὰρ</em></strong></span> <span class='ocrx_word' id='word_1_66' title='bbox 885 1074 974 1144; x_wconf 80' lang='grc' dir='ltr'><strong><em>εἶναί</em></strong></span> <span class='ocrx_word' id='word_1_67' title='bbox 999 1096 1035 1144; x_wconf 86' lang='grc' dir='ltr'><strong><em>σε</em></strong></span> <span class='ocrx_word' id='word_1_68' title='bbox 1059 1079 1192 1146; x_wconf 80' lang='grc' dir='ltr'><strong><em>δεῖκαὶ</em></strong></span> 
     </span>
     <span class='ocr_line' id='line_1_10' title="bbox 177 1183 310 1248; baseline 0 -2"><span class='ocrx_word' id='word_1_69' title='bbox 177 1183 310 1248; x_wconf 85' lang='grc' dir='ltr'><strong><em>ἀνοσον.</em></strong></span> 
     </span>
    </p>

    <p class='ocr_par' dir='ltr' id='par_1_5' title="bbox 124 1285 1244 1588">
     <span class='ocr_line' id='line_1_11' title="bbox 124 1285 1244 1376; baseline 0.006 -25"><span class='ocrx_word' id='word_1_70' title='bbox 124 1305 157 1351; x_wconf 83' lang='grc'><strong><em>39</em></strong></span> <span class='ocrx_word' id='word_1_71' title='bbox 248 1288 380 1372; x_wconf 80' lang='grc' dir='ltr'><strong><em>Ταύτην</em></strong></span> <span class='ocrx_word' id='word_1_72' title='bbox 408 1285 487 1373; x_wconf 87' lang='grc' dir='ltr'><strong><em>οὖν,</em></strong></span> <span class='ocrx_word' id='word_1_73' title='bbox 515 1290 595 1376; x_wconf 83' lang='grc' dir='ltr'><strong><em>ὅπερ</em></strong></span> <span class='ocrx_word' id='word_1_74' title='bbox 619 1288 720 1374; x_wconf 89' lang='grc' dir='ltr'><strong><em>λέγω,</em></strong></span> <span class='ocrx_word' id='word_1_75' title='bbox 747 1291 807 1373; x_wconf 80' lang='grc' dir='ltr'><strong><em>τὴν</em></strong></span> <span class='ocrx_word' id='word_1_76' title='bbox 831 1297 942 1375; x_wconf 86' lang='grc' dir='ltr'><strong><em>οίησιν</em></strong></span> <span class='ocrx_word' id='word_1_77' title='bbox 964 1293 1026 1374; x_wconf 82' lang='grc' dir='ltr'><strong><em>την</em></strong></span> <span class='ocrx_word' id='word_1_78' title='bbox 1047 1301 1108 1357; x_wconf 89' lang='grc' dir='ltr'><strong><em>τοῦ</em></strong></span> <span class='ocrx_word' id='word_1_79' title='bbox 1131 1293 1192 1358; x_wconf 91' lang='grc' dir='ltr'><strong><em>δο-</em></strong></span> <span class='ocrx_word' id='word_1_80' title='bbox 1212 1312 1244 1350; x_wconf 86' lang='lat'><strong><em>10</em></strong></span> 
     </span>
     <span class='ocr_line' id='line_1_12' title="bbox 176 1393 1193 1482; baseline 0.005 -25"><span class='ocrx_word' id='word_1_81' title='bbox 176 1403 249 1458; x_wconf 85' lang='grc' dir='ltr'><strong><em>κείν</em></strong></span> <span class='ocrx_word' id='word_1_82' title='bbox 271 1393 395 1459; x_wconf 89' lang='grc' dir='ltr'><strong><em>είδέναι</em></strong></span> <span class='ocrx_word' id='word_1_83' title='bbox 419 1418 449 1459; x_wconf 92' lang='grc' dir='ltr'><strong><em>τι</em></strong></span> <span class='ocrx_word' id='word_1_84' title='bbox 472 1405 540 1460; x_wconf 86' lang='grc' dir='ltr'><strong><em>τῶν</em></strong></span> <span class='ocrx_word' id='word_1_85' title='bbox 562 1399 734 1479; x_wconf 87' lang='grc' dir='ltr'><strong><em>χρησίμων</em></strong></span> <span class='ocrx_word' id='word_1_86' title='bbox 759 1395 1009 1480; x_wconf 75' lang='grc' dir='ltr'><strong><em>ἀποβάλλοντας</em></strong></span> <span class='ocrx_word' id='word_1_87' title='bbox 1032 1399 1193 1482; x_wconf 82' lang='grc' dir='ltr'><strong><em>ἔρχεσθαι</em></strong></span> 
     </span>
     <span class='ocr_line' id='line_1_13' title="bbox 178 1499 1193 1588; baseline 0.006 -26"><span class='ocrx_word' id='word_1_88' title='bbox 178 1499 232 1563; x_wconf 84' lang='grc' dir='ltr'><strong><em>δεί</em></strong></span> <span class='ocrx_word' id='word_1_89' title='bbox 252 1501 335 1583; x_wconf 87' lang='grc' dir='ltr'><strong><em>πρὸς</em></strong></span> <span class='ocrx_word' id='word_1_90' title='bbox 357 1502 417 1565; x_wconf 90' lang='grc' dir='ltr'><strong><em>τὸν</em></strong></span> <span class='ocrx_word' id='word_1_91' title='bbox 440 1504 553 1583; x_wconf 90' lang='grc' dir='ltr'><strong><em>λόγον,</em></strong></span> <span class='ocrx_word' id='word_1_92' title='bbox 576 1501 620 1577; x_wconf 82' lang='grc' dir='ltr'><strong><em>ὡς</em></strong></span> <span class='ocrx_word' id='word_1_93' title='bbox 637 1504 720 1586; x_wconf 91' lang='grc' dir='ltr'><strong><em>πρὸς</em></strong></span> <span class='ocrx_word' id='word_1_94' title='bbox 737 1503 777 1565; x_wconf 85' lang='grc' dir='ltr'><strong><em>τά</em></strong></span> <span class='ocrx_word' id='word_1_95' title='bbox 800 1503 1001 1587; x_wconf 83' lang='grc' dir='ltr'><strong><em>γεωμετρικά</em></strong></span> <span class='ocrx_word' id='word_1_96' title='bbox 1024 1504 1193 1588; x_wconf 91' lang='grc' dir='ltr'><strong><em>προσάγο-</em></strong></span> 
     </span>
    </p>

    <p class='ocr_par' dir='ltr' id='par_1_6' title="bbox 125 1603 1242 2006">
     <span class='ocr_line' id='line_1_14' title="bbox 125 1603 1193 1691; baseline 0.007 -23"><span class='ocrx_word' id='word_1_97' title='bbox 125 1622 159 1671; x_wconf 80' lang='grc'><strong><em>40</em></strong></span> <span class='ocrx_word' id='word_1_98' title='bbox 178 1627 253 1688; x_wconf 81' lang='grc' dir='ltr'><strong><em>μιν,</em></strong></span> <span class='ocrx_word' id='word_1_99' title='bbox 281 1605 326 1682; x_wconf 83' lang='grc' dir='ltr'><strong><em>ὡς</em></strong></span> <span class='ocrx_word' id='word_1_100' title='bbox 348 1607 431 1690; x_wconf 88' lang='grc' dir='ltr'><strong><em>πρὸς</em></strong></span> <span class='ocrx_word' id='word_1_101' title='bbox 452 1608 492 1670; x_wconf 78' lang='grc' dir='ltr'><strong><em>τοὶ</em></strong></span> <span class='ocrx_word' id='word_1_102' title='bbox 515 1608 669 1690; x_wconf 84' lang='grc' dir='ltr'><strong><em>μουσικά·</em></strong></span> <span class='ocrx_word' id='word_1_103' title='bbox 697 1609 729 1672; x_wconf 90' lang='grc' dir='ltr'><strong><em>εί</em></strong></span> <span class='ocrx_word' id='word_1_104' title='bbox 756 1603 793 1672; x_wconf 70' lang='grc' dir='ltr'><strong><em>δέ</em></strong></span> <span class='ocrx_word' id='word_1_105' title='bbox 816 1609 872 1690; x_wconf 81' lang='grc' dir='ltr'><strong><em>μή,</em></strong></span> <span class='ocrx_word' id='word_1_106' title='bbox 895 1606 967 1673; x_wconf 88' lang='grc' dir='ltr'><strong><em>οὐδ’</em></strong></span> <span class='ocrx_word' id='word_1_107' title='bbox 996 1608 1094 1691; x_wconf 80' lang='grc' dir='ltr'><strong><em>ἐγγὺς</em></strong></span> <span class='ocrx_word' id='word_1_108' title='bbox 1118 1608 1193 1675; x_wconf 81' lang='grc' dir='ltr'><strong><em>ἐσό-</em></strong></span> 
     </span>
     <span class='ocr_line' id='line_1_15' title="bbox 177 1711 1193 1799; baseline 0.003 -24"><span class='ocrx_word' id='word_1_109' title='bbox 177 1717 264 1793; x_wconf 87' lang='grc' dir='ltr'><strong><em>μεθα</em></strong></span> <span class='ocrx_word' id='word_1_110' title='bbox 286 1721 332 1799; x_wconf 75' lang='grc' dir='ltr'><strong><em>τῷ</em></strong></span> <span class='ocrx_word' id='word_1_111' title='bbox 356 1715 533 1796; x_wconf 81' lang='grc' dir='ltr'><strong><em>προκόύαι,</em></strong></span> <span class='ocrx_word' id='word_1_112' title='bbox 555 1712 618 1778; x_wconf 85' lang='grc' dir='ltr'><strong><em>κάν</em></strong></span> <span class='ocrx_word' id='word_1_113' title='bbox 641 1713 747 1790; x_wconf 85' lang='grc' dir='ltr'><strong><em>πάσας</em></strong></span> <span class='ocrx_word' id='word_1_114' title='bbox 768 1713 826 1789; x_wconf 81' lang='grc' dir='ltr'><strong><em>τὰς</em></strong></span> <span class='ocrx_word' id='word_1_115' title='bbox 849 1713 1032 1796; x_wconf 83' lang='grc' dir='ltr'><strong><em>εἰσαγωγάς</em></strong></span> <span class='ocrx_word' id='word_1_116' title='bbox 1054 1711 1110 1778; x_wconf 85' lang='grc' dir='ltr'><strong><em>καὶ</em></strong></span> <span class='ocrx_word' id='word_1_117' title='bbox 1133 1716 1193 1792; x_wconf 82' lang='grc' dir='ltr'><strong><em>τὰς</em></strong></span> 
     </span>
     <span class='ocr_line' id='line_1_16' title="bbox 178 1815 1242 1902; baseline 0.005 -20"><span class='ocrx_word' id='word_1_118' title='bbox 178 1816 346 1896; x_wconf 80' lang='grc' dir='ltr'><strong><em>συντάξεις</em></strong></span> <span class='ocrx_word' id='word_1_119' title='bbox 378 1819 436 1894; x_wconf 87' lang='grc' dir='ltr'><strong><em>τάς</em></strong></span> <span class='ocrx_word' id='word_1_120' title='bbox 464 1822 662 1902; x_wconf 80' lang='grc' dir='ltr'><strong><em>Χρυσίππου</em></strong></span> <span class='ocrx_word' id='word_1_121' title='bbox 690 1819 770 1902; x_wconf 79' lang='grc' dir='ltr'><strong><em>μετὰ</em></strong></span> <span class='ocrx_word' id='word_1_122' title='bbox 797 1828 864 1883; x_wconf 84' lang='grc' dir='ltr'><strong><em>τῶν</em></strong></span> <span class='ocrx_word' id='word_1_123' title='bbox 889 1815 1107 1901; x_wconf 76' lang='grc' dir='ltr'><strong><em>Ἀντιπάτρου</em></strong></span> <span class='ocrx_word' id='word_1_124' title='bbox 1135 1820 1193 1887; x_wconf 81' lang='grc' dir='ltr'><strong><em>καλ</em></strong></span> <span class='ocrx_word' id='word_1_125' title='bbox 1209 1837 1242 1877; x_wconf 84' lang='lat'><strong><em>15</em></strong></span> 
     </span>
     <span class='ocr_line' id='line_1_17' title="bbox 175 1919 596 2006; baseline 0.01 -22"><span class='ocrx_word' id='word_1_126' title='bbox 175 1919 377 2006; x_wconf 74' lang='grc' dir='ltr'><strong><em>Ἀρχεδήμου</em></strong></span> <span class='ocrx_word' id='word_1_127' title='bbox 401 1921 596 2005; x_wconf 86' lang='grc' dir='ltr'><strong><em>διέλθωμεν.</em></strong></span> 
     </span>
    </p>
   </div>
   <div class='ocr_carea' id='block_1_3' title="bbox 233 2357 1139 2447">
    <p class='ocr_par' dir='ltr' id='par_1_7' title="bbox 233 2357 1139 2447">
     <span class='ocr_line' id='line_1_18' title="bbox 233 2357 1139 2447; baseline 0.002 -23"><span class='ocrx_word' id='word_1_128' title='bbox 233 2357 291 2445; x_wconf 88' lang='grc' dir='ltr'><strong><em>ιη’.</em></strong></span> <span class='ocrx_word' id='word_1_129' title='bbox 327 2364 416 2437; x_wconf 79' lang='grc' dir='ltr'><strong><em>Πῶς</em></strong></span> <span class='ocrx_word' id='word_1_130' title='bbox 439 2359 681 2444; x_wconf 79' lang='grc' dir='ltr'><strong><em>ἀγωνιστέον</em></strong></span> <span class='ocrx_word' id='word_1_131' title='bbox 704 2364 801 2447; x_wconf 83' lang='grc' dir='ltr'><strong><em>πρὸς</em></strong></span> <span class='ocrx_word' id='word_1_132' title='bbox 821 2361 887 2438; x_wconf 86' lang='grc' dir='ltr'><strong><em>τὰς</em></strong></span> <span class='ocrx_word' id='word_1_133' title='bbox 909 2367 1139 2446; x_wconf 84' lang='grc' dir='ltr'><strong><em>φαντασίας.</em></strong></span> 
     </span>
    </p>
   </div>
   <div class='ocr_carea' id='block_1_4' title="bbox 146 2518 1240 3241">
    <p class='ocr_par' dir='ltr' id='par_1_8' title="bbox 146 2518 1240 3031">
     <span class='ocr_line' id='line_1_19' title="bbox 147 2518 1193 2606; baseline 0 -20"><span class='ocrx_word' id='word_1_134' title='bbox 147 2539 157 2586; x_wconf 85' lang='grc'>1</span> <span class='ocrx_word' id='word_1_135' title='bbox 246 2525 345 2586; x_wconf 89' lang='grc' dir='ltr'><strong><em>Πάσα</em></strong></span> <span class='ocrx_word' id='word_1_136' title='bbox 364 2519 431 2600; x_wconf 78' lang='grc' dir='ltr'><strong><em>ἕξις</em></strong></span> <span class='ocrx_word' id='word_1_137' title='bbox 448 2518 503 2586; x_wconf 85' lang='grc' dir='ltr'><strong><em>καὶ</em></strong></span> <span class='ocrx_word' id='word_1_138' title='bbox 523 2522 663 2604; x_wconf 88' lang='grc' dir='ltr'><strong><em>δύναμις</em></strong></span> <span class='ocrx_word' id='word_1_139' title='bbox 680 2520 745 2586; x_wconf 82' lang='grc' dir='ltr'><strong><em>ὑπὸ</em></strong></span> <span class='ocrx_word' id='word_1_140' title='bbox 766 2531 833 2586; x_wconf 83' lang='grc' dir='ltr'><strong><em>τῶν</em></strong></span> <span class='ocrx_word' id='word_1_141' title='bbox 851 2522 1064 2605; x_wconf 76' lang='grc' dir='ltr'><strong><em>κατάλληλον</em></strong></span> <span class='ocrx_word' id='word_1_142' title='bbox 1084 2524 1193 2606; x_wconf 83' lang='grc' dir='ltr'><strong><em>ἔργων</em></strong></span> 
     </span>
     <span class='ocr_line' id='line_1_20' title="bbox 181 2625 1192 2712; baseline 0.001 -21"><span class='ocrx_word' id='word_1_143' title='bbox 181 2626 351 2711; x_wconf 84' lang='grc' dir='ltr'><strong><em>συνέχεται</em></strong></span> <span class='ocrx_word' id='word_1_144' title='bbox 374 2625 429 2692; x_wconf 77' lang='grc' dir='ltr'><strong><em>καὶ</em></strong></span> <span class='ocrx_word' id='word_1_145' title='bbox 454 2625 602 2712; x_wconf 81' lang='grc' dir='ltr'><strong><em>αὔξεται,</em></strong></span> <span class='ocrx_word' id='word_1_146' title='bbox 629 2627 649 2709; x_wconf 83' lang='grc' dir='ltr'><em>ἡ</em></span> <span class='ocrx_word' id='word_1_147' title='bbox 673 2627 906 2712; x_wconf 83' lang='grc' dir='ltr'><strong><em>περιπατητικὴ</em></strong></span> <span class='ocrx_word' id='word_1_148' title='bbox 930 2626 993 2691; x_wconf 86' lang='grc' dir='ltr'><strong><em>ὑπὸ</em></strong></span> <span class='ocrx_word' id='word_1_149' title='bbox 1017 2636 1076 2692; x_wconf 85' lang='grc' dir='ltr'><strong><em>τοῦ</em></strong></span> <span class='ocrx_word' id='word_1_150' title='bbox 1099 2649 1192 2710; x_wconf 86' lang='grc' dir='ltr'><strong><em>περι-</em></strong></span> 
     </span>
     <span class='ocr_line' id='line_1_21' title="bbox 146 2730 1240 2818; baseline 0.005 -24"><span class='ocrx_word' id='word_1_151' title='bbox 146 2743 312 2815; x_wconf 78' lang='grc' dir='ltr'><strong><em>νπατείν,</em></strong></span> <span class='ocrx_word' id='word_1_152' title='bbox 349 2733 369 2815; x_wconf 82' lang='grc' dir='ltr'><em>ἡ</em></span> <span class='ocrx_word' id='word_1_153' title='bbox 402 2734 598 2818; x_wconf 82' lang='grc' dir='ltr'><strong><em>τροχαστικη</em></strong></span> <span class='ocrx_word' id='word_1_154' title='bbox 634 2733 699 2798; x_wconf 85' lang='grc' dir='ltr'><strong><em>ὑπὸ</em></strong></span> <span class='ocrx_word' id='word_1_155' title='bbox 732 2742 792 2799; x_wconf 85' lang='grc' dir='ltr'><strong><em>τοῦ</em></strong></span> <span class='ocrx_word' id='word_1_156' title='bbox 824 2730 960 2818; x_wconf 82' lang='grc' dir='ltr'><strong><em>τρέχειν.</em></strong></span> <span class='ocrx_word' id='word_1_157' title='bbox 1015 2731 1057 2797; x_wconf 84' lang='grc' dir='ltr'><strong><em>ἀν</em></strong></span> <span class='ocrx_word' id='word_1_158' title='bbox 1088 2731 1193 2818; x_wconf 85' lang='grc' dir='ltr'><strong><em>θέλης</em></strong></span> <span class='ocrx_word' id='word_1_159' title='bbox 1207 2769 1240 2807; x_wconf 74' lang='lat'><strong><em>20</em></strong></span> 
     </span>
     <span class='ocr_line' id='line_1_22' title="bbox 181 2835 1193 2923; baseline 0.005 -24"><span class='ocrx_word' id='word_1_160' title='bbox 181 2835 425 2918; x_wconf 87' lang='grc' dir='ltr'><strong><em>ἀναγνωστικὸς</em></strong></span> <span class='ocrx_word' id='word_1_161' title='bbox 443 2835 539 2922; x_wconf 80' lang='grc' dir='ltr'><strong><em>εἶναι,</em></strong></span> <span class='ocrx_word' id='word_1_162' title='bbox 558 2837 799 2920; x_wconf 85' lang='grc' dir='ltr'><strong><em>ἀναγίγνωσκε·</em></strong></span> <span class='ocrx_word' id='word_1_163' title='bbox 823 2837 865 2902; x_wconf 85' lang='grc' dir='ltr'><strong><em>ἀν</em></strong></span> <span class='ocrx_word' id='word_1_164' title='bbox 883 2841 1054 2922; x_wconf 87' lang='grc' dir='ltr'><strong><em>γραφικός,</em></strong></span> <span class='ocrx_word' id='word_1_165' title='bbox 1074 2839 1193 2923; x_wconf 87' lang='grc' dir='ltr'><strong><em>γράφε.</em></strong></span> 
     </span>
     <span class='ocr_line' id='line_1_23' title="bbox 181 2938 1187 3031; baseline 0.002 -26"><span class='ocrx_word' id='word_1_166' title='bbox 181 2941 261 3006; x_wconf 85' lang='grc' dir='ltr'><strong><em>ὅταν</em></strong></span> <span class='ocrx_word' id='word_1_167' title='bbox 285 2938 322 3006; x_wconf 77' lang='grc' dir='ltr'><strong><em>δὲ</em></strong></span> <span class='ocrx_word' id='word_1_168' title='bbox 349 2942 524 3025; x_wconf 91' lang='grc' dir='ltr'><strong><em>τριάκοντα</em></strong></span> <span class='ocrx_word' id='word_1_169' title='bbox 552 2942 667 3028; x_wconf 78' lang='grc' dir='ltr'><strong><em>ἐφεξῆς</em></strong></span> <span class='ocrx_word' id='word_1_170' title='bbox 694 2942 816 3028; x_wconf 78' lang='grc' dir='ltr'><strong><em>ἡμέρας</em></strong></span> <span class='ocrx_word' id='word_1_171' title='bbox 843 2943 886 3027; x_wconf 80' lang='grc' dir='ltr'><strong><em>μη</em></strong></span> <span class='ocrx_word' id='word_1_172' title='bbox 917 2943 1085 3031; x_wconf 76' lang='grc' dir='ltr'><strong><em>ἀναγνῷς,</em></strong></span> <span class='ocrx_word' id='word_1_173' title='bbox 1114 2942 1187 3008; x_wconf 88' lang='grc' dir='ltr'><strong><em>ἀλλ’</em></strong></span> 
     </span>
    </p>

    <p class='ocr_par' dir='ltr' id='par_1_9' title="bbox 147 3045 1194 3241">
     <span class='ocr_line' id='line_1_24' title="bbox 147 3045 1194 3135; baseline 0.003 -24"><span class='ocrx_word' id='word_1_174' title='bbox 147 3064 162 3111; x_wconf 90' lang='grc'>3</span> <span class='ocrx_word' id='word_1_175' title='bbox 182 3047 262 3112; x_wconf 83' lang='grc' dir='ltr'><strong><em>ἀλλο</em></strong></span> <span class='ocrx_word' id='word_1_176' title='bbox 285 3071 317 3112; x_wconf 91' lang='grc' dir='ltr'><strong><em>τι</em></strong></span> <span class='ocrx_word' id='word_1_177' title='bbox 339 3045 474 3132; x_wconf 81' lang='grc' dir='ltr'><strong><em>πράξῃς,</em></strong></span> <span class='ocrx_word' id='word_1_178' title='bbox 497 3050 608 3135; x_wconf 85' lang='grc' dir='ltr'><strong><em>γνώση</em></strong></span> <span class='ocrx_word' id='word_1_179' title='bbox 632 3051 669 3115; x_wconf 89' lang='grc' dir='ltr'><strong><em>τὸ</em></strong></span> <span class='ocrx_word' id='word_1_180' title='bbox 689 3052 875 3133; x_wconf 85' lang='grc' dir='ltr'><strong><em>γινόμενον.</em></strong></span> <span class='ocrx_word' id='word_1_181' title='bbox 922 3048 1009 3115; x_wconf 83' lang='grc' dir='ltr'><strong><em>οὕτω</em></strong></span> <span class='ocrx_word' id='word_1_182' title='bbox 1030 3048 1093 3114; x_wconf 85' lang='grc' dir='ltr'><strong><em>κάν</em></strong></span> <span class='ocrx_word' id='word_1_183' title='bbox 1112 3049 1194 3114; x_wconf 89' lang='grc' dir='ltr'><strong><em>ἀνα-</em></strong></span> 
     </span>
     <span class='ocr_line' id='line_1_25' title="bbox 181 3150 1193 3241; baseline 0.004 -25"><span class='ocrx_word' id='word_1_184' title='bbox 181 3151 282 3238; x_wconf 87' lang='grc' dir='ltr'><strong><em>πέσης</em></strong></span> <span class='ocrx_word' id='word_1_185' title='bbox 309 3151 388 3217; x_wconf 86' lang='grc' dir='ltr'><strong><em>δέκα</em></strong></span> <span class='ocrx_word' id='word_1_186' title='bbox 415 3150 550 3238; x_wconf 79' lang='grc' dir='ltr'><strong><em>ἡμέρας,</em></strong></span> <span class='ocrx_word' id='word_1_187' title='bbox 580 3154 722 3231; x_wconf 82' lang='grc' dir='ltr'><strong><em>ἀναστὰς</em></strong></span> <span class='ocrx_word' id='word_1_188' title='bbox 750 3154 957 3240; x_wconf 84' lang='grc' dir='ltr'><strong><em>ἐπιχείρησον</em></strong></span> <span class='ocrx_word' id='word_1_189' title='bbox 985 3154 1193 3241; x_wconf 86' lang='grc' dir='ltr'><strong><em>μακροτέραν</em></strong></span> 
     </span>
    </p>
   </div>
   <div class='ocr_carea' id='block_1_5' title="bbox 185 3377 1194 3589">
    <p class='ocr_par' dir='ltr' id='par_1_10' title="bbox 185 3377 1194 3589">
     <span class='ocr_line' id='line_1_26' title="bbox 256 3377 1192 3450; baseline 0.006 -22"><span class='ocrx_word' id='word_1_190' title='bbox 256 3379 480 3444; x_wconf 81' lang='grc' dir='ltr'><strong><em>1προστίθεοθε</em></strong></span> <span class='ocrx_word' id='word_1_191' title='bbox 499 3377 531 3431; x_wconf 82' lang='lat' dir='ltr'><strong><em>S:</em></strong></span> <span class='ocrx_word' id='word_1_192' title='bbox 549 3395 618 3432; x_wconf 84' lang='grc' dir='ltr'><strong><em>οοντ.</em></strong></span> <span class='ocrx_word' id='word_1_193' title='bbox 643 3380 722 3444; x_wconf 82' lang='lat' dir='ltr'><em>Wolf</em></span> <span class='ocrx_word' id='word_1_194' title='bbox 749 3382 758 3449; x_wconf 85' lang='grc' dir='ltr'><strong><em>ΙΙ</em></strong></span> <span class='ocrx_word' id='word_1_195' title='bbox 791 3377 933 3450; x_wconf 77' lang='grc' dir='ltr'><strong><em>ὃάτέρχη</em></strong></span> <span class='ocrx_word' id='word_1_196' title='bbox 951 3382 1003 3444; x_wconf 72' lang='grc' dir='ltr'><strong><em>(τίς</em></strong></span> <span class='ocrx_word' id='word_1_197' title='bbox 1021 3382 1078 3435; x_wconf 80' lang='lat' dir='ltr'><strong><em>iam</em></strong></span> <span class='ocrx_word' id='word_1_198' title='bbox 1103 3382 1192 3448; x_wconf 82' lang='lat' dir='ltr'><em>Wolf)</em></span> 
     </span>
     <span class='ocr_line' id='line_1_27' title="bbox 185 3445 1193 3570; baseline 0.008 -73"><span class='ocrx_word' id='word_1_199' title='bbox 185 3465 231 3512; x_wconf 89' lang='grc' dir='ltr'><strong><em>μοι</em></strong></span> <span class='ocrx_word' id='word_1_200' title='bbox 251 3447 350 3500; x_wconf 77' lang='lat' dir='ltr'><strong><em>Goraes</em></strong></span> <span class='ocrx_word' id='word_1_201' title='bbox 368 3448 394 3532; x_wconf 56' lang='lat' dir='ltr'><strong><em>xss</em></strong></span> <span class='ocrx_word' id='word_1_202' title='bbox 431 3445 608 3570; x_wconf 57' lang='grc' dir='ltr'><strong><em>8&lt;ἅπτεινχ</em></strong></span> <span class='ocrx_word' id='word_1_203' title='bbox 627 3449 794 3512; x_wconf 59' lang='grc' dir='ltr'><strong><em>ι’κε.δ.(υιί</em></strong></span> <span class='ocrx_word' id='word_1_204' title='bbox 813 3449 854 3516; x_wconf 68' lang='grc' dir='ltr'><strong><em>δι)</em></strong></span> <span class='ocrx_word' id='word_1_205' title='bbox 880 3453 896 3538; x_wconf 65' lang='grc' dir='ltr'><strong><em>χΙ</em></strong></span> <span class='ocrx_word' id='word_1_206' title='bbox 930 3457 961 3538; x_wconf 61' lang='lat' dir='ltr'><strong><em>L}</em></strong></span> <span class='ocrx_word' id='word_1_207' title='bbox 981 3450 1081 3511; x_wconf 66' lang='grc' dir='ltr'><strong><em>ὡςδτε</em></strong></span> <span class='ocrx_word' id='word_1_208' title='bbox 1100 3451 1157 3505; x_wconf 71' lang='grc' dir='ltr'><strong><em>ὧδ’</em></strong></span> <span class='ocrx_word' id='word_1_209' title='bbox 1184 3453 1193 3522; x_wconf 68' lang='grc' dir='ltr'><strong><em>λλ</em></strong></span> 
     </span>
     <span class='ocr_line' id='line_1_28' title="bbox 186 3515 1194 3589; baseline 0.011 -24"><span class='ocrx_word' id='word_1_210' title='bbox 186 3519 219 3566; x_wconf 79' lang='grc'><strong><em>14</em></strong></span> <span class='ocrx_word' id='word_1_211' title='bbox 234 3533 395 3582; x_wconf 77' lang='grc' dir='ltr'><strong><em>συναγωγάς</em></strong></span> <span class='ocrx_word' id='word_1_212' title='bbox 414 3515 448 3569; x_wconf 79' lang='lat' dir='ltr'><strong><em>S.-</em></strong></span> <span class='ocrx_word' id='word_1_213' title='bbox 466 3531 535 3569; x_wconf 75' lang='grc' dir='ltr'><strong><em>σοιν.</em></strong></span> <span class='ocrx_word' id='word_1_214' title='bbox 555 3516 589 3570; x_wconf 79' lang='lat' dir='ltr'><strong><em>Sc</em></strong></span> <span class='ocrx_word' id='word_1_215' title='bbox 606 3535 638 3572; x_wconf 85' lang='lat' dir='ltr'><strong><em>w.</em></strong></span> <span class='ocrx_word' id='word_1_216' title='bbox 675 3521 685 3586; x_wconf 80' lang='grc' dir='ltr'><strong><em>ΙΙ</em></strong></span> <span class='ocrx_word' id='word_1_217' title='bbox 717 3523 751 3572; x_wconf 76' lang='grc'><strong><em>20</em></strong></span> <span class='ocrx_word' id='word_1_218' title='bbox 770 3519 826 3572; x_wconf 88' lang='grc' dir='ltr'><strong><em>ἀπὸ</em></strong></span> <span class='ocrx_word' id='word_1_219' title='bbox 844 3539 893 3574; x_wconf 90' lang='grc' dir='ltr'><strong><em>του</em></strong></span> <span class='ocrx_word' id='word_1_220' title='bbox 911 3539 1019 3589; x_wconf 84' lang='grc' dir='ltr'><strong><em>τρεχειν</em></strong></span> <span class='ocrx_word' id='word_1_221' title='bbox 1039 3521 1071 3576; x_wconf 78' lang='lat' dir='ltr'><strong><em>S:</em></strong></span> <span class='ocrx_word' id='word_1_222' title='bbox 1089 3537 1194 3576; x_wconf 66' lang='grc' dir='ltr'><strong><em>θοντο</em></strong></span> 
     </span>
    </p>
   </div>
   <div class='ocr_carea' id='block_1_6' title="bbox 0 0 1340 3930">
    <p class='ocr_par' dir='ltr' id='par_1_11' title="bbox 0 0 1340 3930">
     <span class='ocr_line' id='line_1_29' title="bbox 0 0 1340 3930; baseline 0 0"><span class='ocrx_word' id='word_1_223' title='bbox 0 0 1340 3930; x_wconf 95' lang='lat' dir='ltr'><strong><em> </em></strong></span> 
     </span>
    </p>
   </div>
  </div>
 </body>
</html>
