2626 3924
105 250 162 304 (w,
175 251 196 301 s,
210 245 299 296 ιι-ιι)
396 236 550 290 Βεεειου
567 239 764 292 νεεενεοει.
787 237 827 306 η’.
1061 237 1126 302 3λλ

107 389 150 466 οἱ
166 398 215 484 μή
234 399 385 474 είόότες
403 422 478 481 μου
494 391 565 482 τήν
580 395 770 483 ἐπιβολὴν
789 397 1032 484 ἐθαύμαζον,
1049 411 1128 479 πῶς

107 513 204 570 πᾶσι
241 506 477 588 φιλοσόφοις
511 505 713 589 χρώμενος
748 503 813 570 καὶ
849 510 975 585 συζῶν
1009 505 1128 584 αὐτὸς

108 612 181 678 οὐκ
205 609 483 696 ἐφιλοσόφουν.
520 608 584 675 καὶ
602 613 642 675 τί
661 613 799 695 κακόν,
822 611 863 677 ἐν
881 603 941 689 οἷς
960 611 1125 679 ἐποίουν
1144 628 1179 678 20

109 717 475 800 ἐπιγιγνώσκεσθαι
511 717 579 782 τὸν
611 719 852 802 φιλόσοφον,
889 716 930 783 ἐν
967 715 1009 783 δὲ
1045 731 1129 798 τοῖς

78 825 327 907 οσυμβόλοις
354 822 430 906 μή;’
457 819 574 906 βλέπε,
600 833 670 900 πῶς
693 821 813 907 ἐσθίω,
841 835 910 901 πῶς
931 827 1035 910 πίνω,
1057 835 1128 902 πῶς

108 929 279 1012 καθεύδω,
300 939 370 1005 πῶς
392 925 562 1013 άνέχομαι,
584 938 654 1005 πῶς
677 927 850 1015 ἀπέχομαι,
872 939 941 1007 πῶς
965 941 1128 1015 συνεργῶ,

110 1046 180 1113 πῶς
202 1033 308 1123 ὀρέξει
330 1044 475 1122 χρῶμαι,
497 1044 566 1110 πῶς
589 1032 743 1120 ἐκκλίσει,
772 1045 842 1113 πῶς
863 1047 952 1122 τηρῶ
974 1035 1033 1112 τάς
1055 1034 1128 1121 σχέ-

112 1159 181 1219 σεις
203 1142 260 1219 τὰς
281 1140 425 1227 φυσικάς
452 1140 472 1223 ἠ
500 1137 676 1218 ἐπιθέτους
703 1139 896 1226 ἀσυγχύτους
924 1139 979 1207 καὶ
1003 1140 1128 1226 ἀπαρα-

111 1249 290 1325 ποόίστως·
317 1245 450 1312 ἐκείθέν
472 1270 512 1330 με
535 1257 645 1331 κρῖνε,
674 1248 707 1312 εί
728 1248 879 1312 δύνασαι.
925 1249 958 1312 εί
979 1245 1009 1312 θ’
1037 1247 1125 1313 οὕτω
1144 1263 1178 1313 21

67 1376 98 1415 ιο
111 1357 224 1440 κωφὸς
250 1348 362 1418 εἶκαὶ
389 1354 528 1437 τυφλός,
558 1353 614 1416 ἵνα
642 1348 725 1437 μηδὲ
752 1355 811 1418 τὸν
829 1351 1019 1439 Ἥφαιστον
1047 1354 1129 1420 ύπο-

113 1460 284 1546 λαμβάνῃς
309 1460 412 1524 καλὸν
439 1455 575 1543 χαλκέα,
603 1456 646 1523 ἀν
672 1459 717 1542 μή
745 1461 783 1524 τὸ
811 1462 923 1525 πιλίον
952 1461 1025 1546 ίδης
1053 1458 1129 1545 περὶ

112 1568 175 1651 τήν
193 1565 341 1651 κεφαλήν
359 1567 600 1651 περικείμενον,
621 1567 657 1628 τί
670 1566 774 1630 κακὸν
792 1558 851 1650 ὑφ’
869 1565 974 1642 οὕτως
991 1565 1129 1649 ἠλιθίου

112 1681 228 1759 κριτοῦ
251 1671 464 1756 ἀγνοείσθαι;

183 1778 297 1854 Ούτως
334 1776 498 1843 ἐλάνθανε
529 1776 618 1861 παρὰ
649 1785 719 1853 τοϊς
749 1779 915 1853 πλείστοις
946 1775 1127 1863 Σωκράτης
1145 1794 1180 1842 22

70 1906 101 1948 ιε
114 1883 170 1951 καὶ
191 1886 333 1970 ἠρχοντο
355 1885 439 1967 πρὸς
468 1881 570 1948 αὐτὸν
593 1881 763 1961 ἀξιοῦντες
789 1886 986 1968 φιλοσόφοις
1009 1898 1128 1948 συστα-
1177 1933 1179 1938 ,

114 1999 226 2076 θῆναι.
262 1991 307 2074 μή
325 2013 357 2054 τι
375 1983 439 2054 οὖν
457 1987 633 2071 ἠγανάκτει
655 1989 700 2068 ὡς
720 1990 815 2074 ἠμεῐς
836 1987 892 2055 καὶ
915 1992 1027 2074 ἔλεγεν
1052 1987 1127 2072 “ίγὼ
1147 2005 1183 2054 23

115 2096 157 2163 όέ
177 2113 230 2162 σοι
254 2095 295 2160 ού
318 2096 478 2180 φαίνομαι
501 2083 713 2180 φιλόσοφος;’
738 2089 810 2162 ἀλλ’
832 2095 957 2179 ἀπήγεν
974 2093 1031 2162 καὶ
1050 2111 1130 2162 συν-

115 2209 189 2270 ίστα
216 2199 267 2268 ἑνὶ
294 2200 499 2287 ἀρκούμενος
525 2209 571 2288 τῷ
599 2196 686 2266 εἶναι
714 2204 915 2287 φιλόσοφος,
944 2205 1070 2289 χαίρων
1094 2198 1132 2266 όέ

114 2312 186 2392 καί,
213 2308 263 2374 ότι
290 2308 335 2390 μή
364 2307 474 2371 δοκῶν
501 2305 562 2370 οὐκ
590 2304 758 2373 ἐδάκνετο·
790 2305 951 2392 ἐμέμνητο
979 2309 1042 2392 γάρ
1069 2315 1130 2373 τοῦ

72 2437 102 2478 νο
117 2417 205 2481 ίόίου
235 2415 344 2499 ἔργον.
393 2413 429 2476 τί
455 2412 555 2497 ἔργον
584 2417 688 2477 καλοῦ
717 2409 773 2477 καί
800 2411 945 2496 ἀγαθοῦ;
979 2414 1130 2497 μαθητάς
1148 2429 1185 2478 24

115 2523 261 2597 πολλοὺς
279 2521 382 2604 ἔχωνς
405 2516 567 2600 οὐδαμῶς.
602 2519 742 2596 ὄψονται
760 2517 796 2584 οί
810 2515 887 2602 περὶ
900 2527 997 2584 τοῦτο
1013 2517 1131 2583 ἐσπου-

117 2629 261 2702 δακότες.
298 2623 382 2689 ἀλλά
400 2626 600 2708 θεωρήματα
621 2624 767 2689 δύσκολα
791 2623 966 2709 άκριβοῦν;
991 2625 1131 2703 όψονται

115 2731 172 2798 καὶ
193 2728 270 2819 περὶ
293 2731 422 2795 τούτων
444 2729 550 2794 ἀλλοι.
586 2738 652 2795 ποῦ
671 2724 734 2796 οὖν
753 2730 852 2806 αὐτὸς
869 2727 924 2795 καί
942 2725 985 2813 ἠν
1008 2754 1058 2808 τις
1076 2727 1130 2796 καὶ
1150 2747 1186 2796 25

190 2963 225 3014 14
234 2975 296 3027 sqq.
310 2957 344 3013 of.
358 2957 433 3014 Plat.
446 2956 521 3012 Prot.
536 2955 600 3011 init.
616 2989 649 2998 —
664 2956 751 3012 Enoh.
765 2963 808 3024 46,
826 2964 853 3012 1:
873 2953 997 3027 μέμνησο
1011 2957 1073 3027 γάρ,
1089 2955 1132 3012 ότι

118 3030 189 3086 οὕτω
217 3027 360 3100 ἀφῃρήκει
383 3026 567 3098 πανταχόθεν
595 3026 747 3098 Σωκράτης
773 3028 805 3083 τό
833 3023 1034 3096 ἐπιόεικτικόν,
1063 3027 1131 3083 ὥστε

117 3101 236 3171 ἤρχοντο
263 3099 334 3168 πρὸς
361 3099 447 3154 αὐτόν
470 3097 635 3171 βουλόμενοι
660 3097 827 3167 φιλοσόφοις
850 3097 900 3154 ὑπ’
921 3100 1008 3154 αὐτοῦ
1032 3116 1133 3153 συστα-

117 3176 209 3242 θῆναι
227 3172 357 3233 κάκεῖνος
376 3170 485 3239 ἀπῆγεν
504 3169 618 3231 αὐτούς’
638 3168 725 3232 οὕτως
742 3169 870 3240 ἠνείχετο
888 3169 1095 3239 παρορώμενος.

191 3249 224 3298 18
244 3241 278 3298 cf.
294 3240 381 3296 Ench.
396 3247 444 3295 23:
464 3241 552 3310 ἀρκοῦ
572 3237 624 3295 οὖν
642 3236 673 3295 ἐν
692 3240 778 3294 παντί
792 3245 829 3312 τῷ
844 3237 919 3295 εἶναι
932 3239 1094 3309 φιλόσοφος.

117 3355 332 3366 ..--.--

189 3420 255 3476 θτί
270 3418 316 3480 Βιτ
334 3417 404 3474 τινες
424 3421 433 3488 ΙΙ
455 3379 605 3490 οἷς<μὲν>
619 3417 650 3478 δι
676 3419 689 3487 ΙΙ
716 3417 801 3488 8<ὡς
833 3415 1033 3486 ἀσυγχύτωςόι
1060 3417 1070 3485 ἠ
1099 3422 1134 3470 14

119 3522 273 3596 ἐλάνθανε]
292 3541 324 3578 νε
349 3523 381 3578 ἐκ
398 3541 483 3595 mara.
509 3525 572 3580 add.
591 3524 625 3585 δι
662 3525 671 3592 ΙΙ
712 3528 746 3579 23
766 3525 818 3578 αότ
837 3525 867 3594 (ί.
886 3541 908 3579 e.
927 3523 1021 3593 αὐτὸς)
1040 3521 1069 3591 S,
1086 3523 1135 3576 sed

119 3597 339 3658 ὸοῶίκνοε.
370 3598 381 3664 ΙΙ
411 3588 537 3663 τίιήνε
