2650 3930
144 184 200 240 (m,
215 189 234 240 ε,
249 183 322 232 ι-ιυ
462 173 615 227 BIBAION
633 174 772 226 TPITON.
797 171 837 245 μ’.
1092 171 1158 236 215

144 335 321 418 απάτητον.
347 370 385 381 —-
416 337 511 413 Τι’νας
541 336 601 400 τὸν
623 336 726 399 καλὸν
749 331 804 399 καὶ
827 333 966 418 άγαδόν.
1013 331 1066 400 σοὶ
1095 328 1192 400 οὖνὸ

144 440 243 508 τοῦτο
267 442 385 506 λείπει·
412 441 470 517 τάς
493 442 594 518 ἄλλας
618 440 853 525 έκπεπόνηκας;
882 439 957 528 περὶ
980 440 1158 526 κερμάτιον

145 546 387 631 άνεξαπάτητος
414 541 458 626 εἶς
483 545 545 644 ’ἐὰν
574 547 648 633 ίδῃς
674 546 833 632 κοράσιον
860 552 980 631 καλόν,
1012 545 1160 632 ἀντέχεις

144 663 184 739 τῃ
203 657 383 740 φαντασίας
402 652 444 719 άν
464 653 481 719 ὁ
500 656 619 737 γείτων
634 668 696 739 σον
714 656 958 740 κληρονομήσῃ,
979 653 1020 720 ού
1037 653 1158 740 δάκνῃς

114 768 210 826 ονύν
245 755 346 825 οὐδέν
378 761 459 826 άλλο
492 775 546 826 σοι
579 763 684 824 λείπει
716 758 736 843 ἢ
768 758 1011 845 άμεταπτωσίας
1048 761 1193 843 πάλας,9

145 865 230 930 αύτδ
258 874 360 932 ταῦτα
386 864 517 952 τρέμων
545 866 729 950 μανθάνεις
756 863 811 931 καὶ
839 865 1009 952 άγωνιῶν,
1036 870 1159 952 μήτις

146 990 209 1038 σου
231 974 485 1057 καταφρονήσῃ,
507 970 562 1037 καὶ
584 974 855 1056 πυνθανόμενος,
882 973 926 1056 μη
953 994 1003 1048 τις
1029 993 1061 1036 πι
1083 973 1159 1058 περὶ

146 1087 209 1143 σοῦ
232 1075 320 1163 λέγῃ.
366 1078 429 1142 κάν
455 1100 506 1154 τις
533 1076 645 1144 ἐλθὼν
671 1083 746 1164 είπῃ
775 1095 829 1144 σοι
857 1077 911 1142 ότι
930 1076 1045 1161 (λόγον
1068 1101 1160 1161 γινο-
1180 1094 1213 1143 10

145 1183 266 1267 μένου,
298 1187 347 1260 τίς
374 1184 507 1270 άριστός
535 1183 603 1248 έστι
630 1195 697 1250 τῶν
724 1187 937 1270 φιλοσόφων,
968 1185 1083 1271 παρών
1110 1207 1160 1261 τις

101 1313 131 1352 10
146 1290 276 1373 ἔλεγεν,
308 1289 359 1354 ότι
388 1281 436 1366 εἷς
465 1292 651 1374 φιλόσοφος
678 1290 696 1355 ὁ
730 1289 848 1373 δεῖνά,
879 1287 1000 1375 γέγονέ
1029 1307 1090 1356 σου
1122 1292 1159 1356 τὸ
1270 1377 1272 1382 ,

144 1396 312 1482 ηκιχάριον
335 1393 409 1460 άντλ
435 1396 650 1461 δακτυλιαίου
670 1397 800 1481 δίπηχυ.
837 1395 879 1461 άν
903 1393 931 1461 δ’
956 1398 1056 1474 άλλος
1077 1417 1161 1482 παρ·

146 1501 195 1566 ὼν
224 1507 297 1586 είπῃ
326 1497 439 1567 ‘oium
467 1508 615 1587 εἴρηκας,
643 1501 705 1567 οὐκ
727 1504 818 1567 ἔστιν
841 1501 935 1579 άξιον
962 1511 1023 1569 τοῦ
1051 1504 1161 1579 δεῖνος

145 1605 346 1691 ἀκροᾶσθαι·
374 1611 410 1672 τί
434 1609 498 1692 γάρ
527 1603 633 1686 οἶδεν;
661 1607 719 1684 τάς
745 1609 876 1693 πρώτας
904 1607 1055 1693 ἀφορμάς
1082 1611 1160 1694 ἔχει,

144 1709 248 1779 πλέον
266 1707 296 1778 δ’
320 1711 443 1796 οὐδέν’,
465 1710 648 1798 ἐξέστηκας,
676 1714 850 1799 ὠχρίακας,
874 1713 979 1790 εὐθὺς
1001 1713 1161 1799 κέκραγας

104 1841 131 1882 ιε
146 1818 222 1902 (ἐγὼ
246 1819 335 1908 αὐτῷ
360 1819 457 1898 δείξω
479 1823 531 1897 τίς
553 1822 632 1912 εχίμι,
655 1820 705 1885 ότι
724 1817 825 1904 μέγας
844 1819 1049 1905 φιλόσοφος’.
1086 1815 1161 1903 βλέ-

145 1947 241 1991 πεται
259 1923 292 2004 ἐξ
311 1925 422 1992 αὐτῶν
439 1927 577 1993 τούτων.
609 1929 644 1991 τί
661 1923 773 2002 θέλεις
786 1923 819 2002 έξ
834 1927 945 1991 ἄλλων
960 1923 1079 2004 δεῖξαι;
1099 1924 1160 1991 οὐκ
1181 1941 1213 1989 11

146 2027 250 2114 οἶδας,
274 2032 325 2096 ὅτι
344 2032 510 2118 Διογένης
532 2043 600 2099 τῶν
621 2043 789 2118 σοφιστῶν
811 2055 885 2098 τινα
909 2032 1014 2110 ούτως
1037 2031 1161 2109 ἔδειξεν

146 2137 292 2214 ἐκτείνας
317 2139 377 2203 τὸν
400 2137 502 2222 μέσον
530 2139 711 2221 δάκτυλον,
740 2133 809 2204 εἶτα
837 2136 1034 2224 έκμανέντος
1057 2137 1161 2204 αύτοῦ

147 2239 279 2320 εοὗτός
302 2243 426 2309 ἐστιν’
450 2246 514 2328 ἔφη
538 2242 573 2308 ’ὁ
597 2245 721 2309 δεῖνα·
746 2241 876 2320 ἔδειξα
898 2227 992 2327 ὑμῖν
1011 2241 1160 2320 αύτόν’;

105 2371 132 2412 ιο
146 2351 326 2436 ἅνθρωπος
348 2350 412 2437 γάρ
436 2350 587 2438 δακτύλῳ
612 2349 652 2415 ού
684 2351 852 2415 δείκνυται
879 2351 924 2426 ὡς
950 2353 1047 2425 λίθος
1074 2348 1094 2432 ἢ
1118 2349 1162 2425 ὡς
1182 2366 1214 2414 12

146 2455 265 2539 ξύλον,
294 2453 367 2521 ἀλλ’
393 2455 473 2519 όταν
499 2477 550 2530 τις
576 2455 617 2518 τά
645 2456 793 2538 δόγματα
821 2455 924 2520 αὐτοῦ
952 2451 1060 2539 δείξῃ,
1087 2456 1160 2518 τότε

148 2560 252 2627 αὐτὸν
275 2561 320 2638 ὡς
342 2561 526 2645 ἄνθρωπον
549 2557 683 2636 ἔδειξεν.
1215 2593 1219 2602 =

213 2666 395 2751 Βλέπωμεν
418 2663 473 2731 καὶ
496 2675 559 2731 σοῦ
581 2666 621 2731 τά
645 2667 801 2749 δόγματα.
847 2666 891 2749 μὴ
910 2665 973 2748 γάρ
993 2663 1034 2730 ού
1057 2666 1161 2748 δῆλόν
1181 2683 1214 2733 ιε

147 2771 248 2854 ἐστιν,
273 2772 324 2839 ὅτι
346 2775 387 2837 σύ
406 2771 467 2854 την
484 2775 679 2856 προαίρεσιν
699 2772 760 2855 τὴν
779 2779 903 2837 σαυτοῦ
927 2769 964 2835 έν
982 2769 1097 2836 ούδενλ
1115 2775 1162 2836 τί-

105 2886 262 2961 εεθεσαι,
294 2876 355 2955 ἔξω
384 2873 421 2942 δὲ
449 2876 579 2961 βλέπεις
606 2878 653 2954 είς
679 2878 719 2942 τά
743 2876 958 2963 άπροαίρετα,
989 2880 1024 2942 τί
1048 2876 1118 2961 έρεῑ
1143 2878 1161 2944 ὁ

147 2985 242 3049 δεῖνα
264 2981 319 3049 καὶ
339 2987 389 3060 τίς
407 2977 494 3049 εἶναι
513 2981 630 3067 δόξεις,
653 2985 685 3048 εί
701 2987 891 3069 φιλόλογος,
915 2985 947 3048 εί
964 2984 1162 3070 Χρύσιππον

148 3087 295 3174 άνέγνως
322 3089 342 3174 ἢ
368 3086 597 3176 Ἀντίπατρονς
630 3091 662 3154 εί
689 3085 751 3175 μὲν
778 3091 842 3176 γάρ
869 3089 924 3156 καὶ
948 3086 1162 3176 Ἀρχέδημον,

219 3253 254 3371 ἐξ
264 3244 376 3370 εεχη.Ἑρῐ.
388 3245 482 3370 ΙΙΙιεχχτ.
496 3244 577 3315 Diog.
591 3245 642 3315 VI,
658 3251 693 3301 34
711 3248 740 3301 et
759 3252 801 3301 35.

273 3334 308 3371 ο.
353 3334 387 3372 nc
410 3361 415 3372 .
468 3359 474 3372 .

220 3456 408 3529 Βγινομένου
429 3459 526 3515 Οοναω
561 3461 571 3529 ξ
609 3465 641 3513 12
661 3457 739 3525 άξως
762 3453 886 3515 θέωνι.
907 3459 937 3520 δε
958 3459 1046 3519 velSe
1082 3461 1091 3528 ΙΙ
1128 3465 1162 3514 27

148 3530 244 3585 malim
262 3530 403 3600 ἀναγνούς
