2626 3924
133 207 183 263 (Π,
197 211 216 262 ε,
232 209 291 261 ι-ε,
306 205 341 256 ιο)
395 197 548 248 ΒΙΒΛΙΟΝ
565 197 761 249 ΤΕΤΑΡΤΟΝ.
782 196 819 268 β’.
839 195 877 265 η’.
1080 197 1145 261 345

131 366 302 442 πανταχοῦ
330 355 505 433 διασώσεις
530 357 568 421 τὸ
596 365 721 422 σαυτοῦ
751 361 930 443 πρόσωπον
958 349 1031 423 οἷον
1058 359 1145 443 ἔχειν

133 479 170 528 σε
194 464 254 527 δεῐ.
299 462 331 526 εί
353 456 390 526 δδ
412 463 474 546 μῆ,
504 464 634 547 σκόπει,
662 461 712 526 ὅτι
740 459 942 528 ἀπόλλυνται
970 464 1006 528 οί
1029 465 1146 549 χρόνοι

132 572 204 652 εἰκῆ
231 565 287 632 καὶ
316 566 379 632 ὅσα
408 575 474 632 νῦν
503 564 673 652 προσέχεις
704 576 846 655 σεαυτῷ,
878 565 1008 652 μέλλεις
1039 571 1146 653 ἐκχεῖν

133 675 261 739 ἅπαντα
289 681 391 738 ταῦτα
417 671 472 738 καὶ
500 671 704 758 ἀνατρέπειν.
750 673 866 756 ὀλίγον
894 669 931 738 δὲ
958 676 1052 759 χρεία
1076 673 1181 739 ἐστὶι

106 781 216 864 οπρὸς
242 779 304 862 τὴν
331 777 498 844 ἀπώλειαν
525 780 587 862 τῆν
613 778 746 844 πάντων
773 777 829 844 καὶ
856 777 1063 865 ἀνατροπῆν,
1094 805 1146 865 μι-

133 893 214 971 κρᾶς
240 884 452 970 ἀποστροφῆς
478 893 538 950 τοῦ
565 886 677 967 λόγου.
723 881 767 949 ἵν’
794 885 812 950 ὁ
841 886 1045 970 κυβερνήτης
1067 883 1181 950 ἀνα-ο

116 987 237 1076 ,τράφη
255 991 293 1054 τὸ
311 994 441 1072 πλοῖον,
459 989 500 1054 οὐ
517 993 631 1074 χρείαν
650 991 717 1075 ἔχει
735 997 793 1074 τῆς
810 990 910 1075 αὐτῆς
927 1000 1147 1074 παρασκευῆς,

136 1094 214 1178 ὅσης
236 1095 283 1170 είς
305 1095 342 1159 τὸ
366 1105 483 1159 σῶσαι·
511 1093 595 1160 ἀλλά
621 1098 742 1181 μικρὸν
769 1097 853 1181 πρὸς
874 1097 935 1160 τὸν
957 1098 1081 1180 ἀνεμον
1104 1096 1147 1161 ἀν

134 1197 325 1285 ἐπιστρέψῃ,
347 1198 508 1265 ἀπολετο·
531 1198 594 1264 κάν
612 1201 657 1284 μὴ
677 1200 775 1277 αὐτὸς
793 1197 890 1284 ἑκών,
911 1201 1147 1283 ὑποπαρενθυ-

94 1326 121 1366 ιο
134 1311 225 1389 μηθῆ
254 1301 300 1387 δ’,
322 1302 479 1370 ἀπώλετο.
524 1307 677 1371 τοιοῦτόν
706 1304 777 1370 ἐστί
796 1329 829 1371 τι
851 1305 907 1372 καὶ
929 1305 1066 1372 ἐνθάδε·
1094 1330 1146 1391 μι-
1166 1323 1181 1370 6

133 1412 216 1496 κρὸν
244 1408 286 1474 ἀν
313 1407 556 1495 ἀπονυστάξης,
583 1391 735 1494 ἀπῆλθεν
761 1409 869 1475 πάντα
896 1412 936 1476 τά
964 1410 1059 1497 μέχρι
1082 1421 1146 1478 νῦν

135 1512 381 1598 συνειλεγμένα.
426 1516 565 1600 πρόσεχε
589 1509 651 1580 οὖν
673 1525 745 1591 ταῖς
767 1518 974 1600 φαντασίαις,
1003 1516 1180 1603 ἐπαχρύ-’λ

133 1642 219 1687 πνει.
264 1619 391 1706 οὐγὰρ
414 1621 535 1703 μικρὸν
556 1621 594 1685 τὸ
617 1620 841 1706 τηρούμενον,
869 1619 940 1686 ἀλλ’
968 1623 1070 1699 αἰδὼς
1091 1621 1147 1688 καὶ

134 1729 241 1804 πίστις
259 1724 314 1792 καὶ
332 1723 520 1810 εὐστάθεια,
538 1724 694 1808 ἀπάθεια,
713 1724 847 1809 ἀλυπία,
869 1725 1003 1812 ἀφοβία,
1026 1726 1146 1812 ἀταρα-

93 1851 120 1892 ιο
135 1832 204 1916 ξία,
231 1831 341 1910 ἁπλῶς
368 1831 551 1917 ἐλευθερία.
596 1833 698 1921 τίνειν
725 1829 855 1915 μέλλεις
883 1841 986 1898 ταῦτα
1007 1836 1181 1910 πωλεϊνςε

134 1937 234 2025 βλέπε
265 1941 372 2006 πόσου
398 1936 510 2016 ἀξίων.
542 1973 587 1985 -
614 1933 700 2003 Ἀλλ’
734 1937 775 2002 οὐ
806 1936 961 2023 τεύξομαι
992 1938 1146 2006 τοιούτου

134 2046 225 2122 τινὸς
247 2041 317 2109 ἀντ’
345 2039 457 2108 αὐτοῦ.
479 2078 516 2089 -
537 2039 644 2108 Βλέπε
667 2041 723 2108 καί
744 2043 919 2129 τυγχάνων
941 2044 1042 2109 πάλιν
1066 2045 1081 2108 ἐ
1120 2046 1147 2107 ί-

134 2175 210 2234 νου,
227 2149 263 2216 τί
277 2145 348 2215 ἀντ’
371 2145 475 2215 αὐτοῦ
493 2149 678 2234 λαμβάνεις.
716 2148 791 2233 ’ἐγὼ
811 2146 1003 2234 εὐκοσμίαν,
1022 2148 1147 2226 ἐκείνας
1165 2163 1181 2212 9

137 2258 336 2343 δημαρχίαν·
369 2253 494 2332 ἕκείνος
521 2257 736 2338 στρατηγίαν,
768 2257 832 2338 ἐγὼ
860 2259 952 2323 αίδῦ.
1002 2251 1073 2321 ἀλλ’
1106 2249 1147 2321 οὐ

94 2361 318 2448 εοκραυχάζοι,
341 2359 425 2426 ὅπου
449 2357 602 2446 ἀπρεπές·
626 2357 698 2424 ἀλλ’
721 2357 783 2425 οὐκ
804 2359 1040 2444 ἀναστῆσομαι,
1063 2359 1148 2424 ὅπου

135 2469 180 2552 μῆ
204 2469 265 2532 δεῖ.
310 2465 486 2552 ἐλεύθερος
512 2466 575 2552 γάρ
603 2467 671 2549 είμι
692 2463 749 2531 καὶ
770 2469 868 2552 φίλος
889 2475 950 2532 τοῦ
971 2471 1073 2547 θεοῦ,
1099 2461 1143 2528 ἵν’

136 2571 222 2640 ἑκδον
248 2567 416 2655 πείθωμαι
444 2567 542 2657 αὐτῷ.
591 2581 658 2636 τῶν
691 2567 722 2636 δ’
754 2572 866 2637 ἄλλων
893 2567 1031 2646 οὐδενὸς
1058 2567 1147 2634 ἀντι-
1167 2583 1201 2631 10

134 2681 309 2746 ποιεῖσθαί
323 2701 362 2762 με
382 2678 445 2760 δεῖ,
469 2673 510 2742 οὐ
534 2677 694 2761 σώματος,
716 2674 757 2741 οὐ
776 2678 930 2760 κτήσεως,
952 2673 1013 2741 οὐκ
1036 2673 1147 2762 ἀρχῆς,

136 2782 178 2850 οὐ
201 2786 324 2869 φήμης,
347 2783 458 2860 ἁπλοῦς
481 2779 634 2860 οὐδενός·
658 2778 739 2848 οὐδὲ
761 2782 825 2867 γὰρ
847 2781 972 2859 ἐκεῖνος
993 2782 1152 2866 βούλεταί

95 2905 122 2948 2⁶
136 2886 170 2974 μ’
201 2889 446 2956 ἀντιποιεῖσθαι
472 2885 591 2953 αὐτῶν.
641 2888 674 2952 εί
698 2888 761 2974 γὰρ
789 2889 927 2972 ῆθελεν,
953 2883 1066 2968 ἀγαθά
1092 2907 1148 2950 πε-

136 2997 267 3078 ποιῆκει
285 2992 368 3059 αὐτὰ
386 2993 428 3060 ἀν
447 2993 529 3077 ἐμοί.
565 3001 631 3058 νῦν
649 2987 680 3058 δ’
703 2990 744 3058 οὐ
761 2995 951 3077 πεποίηκεν·
975 2993 1031 3057 διδι
1050 3001 1148 3059 τοῦτο

211 3191 243 3239 13
254 3202 315 3254 sqq.
338 3183 543 3251 cf.Ench.12,
565 3189 594 3238 2:
622 3182 755 3238 τοσούτου
782 3185 915 3238 πωλεῖται
938 3180 1076 3250 ἀπάθεια,
1104 3201 1150 3236 το-

137 3254 239 3311 σοάτον
257 3251 404 3327 ἀταραξία.

211 3332 244 3383 16
252 3343 313 3395 sqq.
328 3325 364 3380 cf.
376 3324 461 3380 Ench.
471 3330 514 3392 25,
525 3329 554 3377 δι
569 3322 653 3378 οὐδὲν
667 3317 718 3378 οὖν
734 3321 806 3394 ἔχεις
819 3323 883 3378 ἀντὶ
897 3330 946 3378 τοῦ
961 3325 1078 3378 δείπνου
1092 3325 1148 3377 ιιτλ.

209 3403 244 3453 22
264 3396 300 3451 of.
319 3395 464 3465 Ench.31‚
481 3401 508 3449 1:
527 3392 684 3449 πείθεσθαι
702 3395 798 3456 αὐτοῖς
814 3425 829 3434 -
842 3427 856 3435 -
869 3425 883 3436 -
902 3388 1010 3451 ἑκόντα.

211 3544 245 3592 14
262 3537 393 3592 ἀπάθεια
411 3536 510 3592 δάκοι
529 3532 677 3590 εὐπείθεια
695 3534 719 3591 S
