2630 3928
57 283 58 288 ,
157 215 200 280 22
302 217 485 270 mmor
502 217 577 270 του
594 215 810 270 nummo?
828 217 1021 270 ετλυεεεοα

157 381 391 464 παρακείμενα,
414 375 494 444 οὐδὲ
515 387 617 444 ταῦτα
642 378 739 443 ίκαυὰ
756 381 892 462 κινῆσαί
906 401 998 454 τινας
1015 375 1071 442 καλ
1095 379 1168 442 δια-

106 501 138 550 11
157 483 275 571 τρέψαι
302 486 383 570 πρὸς
409 487 447 552 τὸ
471 486 559 569 <μὴ>
587 483 760 579 ἀπολιπεῖν
786 487 845 551 τὸν
871 508 948 569 τεχν
950 488 1037 567 ίτην;
1067 484 1088 567 ἢ
1118 482 1167 562 ἐ-ξ

147 592 402 682 ηγησύσθωσαν
421 591 500 676 ἡμῖν
523 595 558 657 τί
577 593 614 658 τὸ
633 601 753 657 ποιοῦν
772 591 900 657 ἐστιν”
880 608 1018 657 εκαστον
1037 591 1166 657 τούτων

156 698 177 782 ἢ
204 708 273 775 πῶς
300 688 373 763 οίόν
400 721 434 762 τε
461 700 501 762 τὰ
529 697 615 774 ούτω
647 699 824 782 θανμαστα
851 693 922 764 καὶ
935 698 1067 814 τεχνικα
1095 698 1165 782 εἰκῇ

156 801 211 870 καὶ
225 793 297 869 ἀπὸ
320 804 527 890 ταύτομάτου
549 808 713 888 γίνεσθαι.
1195 823 1209 864 5
1244 840 1256 856 a

105 927 137 976 12
228 913 270 975 Τί
255 905 372 989 ίούν;
406 909 456 996 ἐφ’
488 911 581 996 ἡμῶν
608 913 722 997 μόνων
755 913 880 995 γίνεται
912 920 1027 989 ταῦτα;
1060 911 1167 976 πολλὰ

157 1013 218 1100 μὲν
242 1015 294 1083 ἐπὶ
318 1013 496 1102 μόνων,
474 1042 522 1084 ων
546 1016 716 1102 ἐξαιρέτως
746 1021 870 1104 χρείαν,
883 1013 948 1103 εἶχε
969 1013 1009 1084 ’τὸ
1032 1019 1169 1100 λογικὸν
1201 1099 1203 1103 .

160 1126 254 1211 ζῷον,
272 1124 377 1189 πολλὰ
396 1121 433 1190 δέ
452 1125 548 1190 κοινοῖ
568 1124 717 1210 εὑρήσεις
735 1123 815 1208 ἡμῖν
832 1122 888 1189 καί
905 1126 987 1211 πρὸς
1001 1125 1169 1206 παλίλλογα.

107 1247 139 1295 13
159 1223 211 1315 ἆρ’
238 1224 310 1314 οὖν
344 1228 400 1295 καὶ
435 1235 686 1316 παρακολουθεῖ
719 1238 788 1307 τοῖς
823 1229 1012 1315 γινομένοις
1043 1213 1168 1308 ἐκείνας

156 1337 237 1400 ἄλλο
260 1336 323 1421 γάρ
348 1335 416 1402 ἐστι
438 1345 554 1422 χρῆσις
571 1334 626 1402 καὶ
645 1337 726 1402 όίλλο
745 1338 1044 1421 παρακολούθχσις.
1088 1334 1169 1401 ἐκεί-
1185 1357 1212 1397 1ο

156 1466 226 1507 νων
253 1446 368 1528 χρείαν
391 1438 478 1528 εἶχεν
502 1442 520 1509 ό
549 1446 629 1520 θεὸς
656 1441 836 1529 χρωμένων
865 1453 936 1520 ταῖς
962 1446 1169 1529 φαντασίαις,

108 1564 141 1612 14
159 1547 254 1632 ἡμῶν
285 1535 323 1613 δέ
354 1550 702 1635 παρακολουθούντων
734 1557 772 1634 τῇ
808 1550 930 1634 χρήσει.
984 1550 1039 1615 διὰ
1071 1559 1169 1615 τοῦτο

158 1653 296 1731 ἐκείνοις
323 1651 384 1740 μέν
407 1655 503 1741 ἀρκεῖ
527 1657 564 1721 τὸ
589 1654 716 1721 ἐσθίειν
740 1652 794 1721 καλ
818 1657 930 1721 πίνειν
951 1654 1066 1721 καὶτὸ
1090 1653 1170 1719 ἀνα-

157 1763 323 1826 παύεσθαι
346 1760 400 1827 καὶ
425 1763 556 1847 ὀχεύειν
578 1759 632 1827 καί
655 1755 745 1827 τᾶλλ’
770 1761 831 1827 ὅσα
851 1761 992 1828 ἐπιτελεῖ
1007 1773 1073 1827 τῶν
1093 1761 1170 1827 ιἰλό-

157 1890 227 1950 γων
250 1866 402 1951 ἕκαστον,
426 1867 506 1951 ἡμῖν
530 1865 576 1950 δ’,
602 1859 651 1944 οἷς
673 1864 728 1932 καὶ
751 1868 812 1950 τὴν
835 1870 1169 1952 παρακολουθητικὴν
1185 1888 1212 1928 15

107 1989 140 2039 15
160 1974 303 2057 δύναμιν
333 1975 473 2058 ἔδωκεν,
504 1972 614 2039 ούκέτι
643 1972 733 2042 ταῦτ’
761 1973 915 2060 ἀπαρκεῖ,
947 1971 1026 2040 ἀλλ’Ι
1051 1973 1093 2039 ύν
1126 1976 1170 2059 μὴ

157 2081 239 2145 κατὰ
268 2082 392 2166 τρόπον
422 2077 477 2144 καί
507 2079 710 2165 τεταγμένως
732 2078 788 2146 καί
817 2079 1012 2158 ἀκολούθως
1034 2090 1073 2166 τῇ
1098 2078 1170 2146 ἑκό-

159 2202 239 2252 στου
273 2186 373 2270 φύσει
406 2184 460 2251 καί
497 2196 680 2272 κατασκευῇ
715 2187 927 2273 πράττωμεν,
966 2185 1076 2253 οὐκέτι
1110 2185 1170 2255 τοῦ

108 2311 140 2361 1ο
159 2289 275 2369 τέλονς
298 2290 480 2377 τευξόμεθα
503 2303 564 2359 τοῦ
588 2291 723 2359 ἑαυτῶν.
769 2287 817 2359 ὧν
835 2294 898 2377 γὰρ
918 2293 955 2357 αί
972 2293 1170 2360 κατασκευαὶ
1237 2341 1240 2348 «

108 2417 140 2466 17
161 2399 328 2484 διάφοροι,
350 2400 478 2465 τούτων
497 2397 551 2465 καὶ
570 2401 609 2464 τὰ
628 2403 708 2485 ἐργα
726 2398 781 2465 καὶ
800 2401 839 2464 τὰ
861 2397 947 2484 τέλη.
994 2395 1035 2466 οὗ
1054 2403 1170 2466 τοίνυν
1186 2422 1213 2462 εο

160 2505 180 2590 ἡ
204 2508 386 2590 κατασκευὴ
410 2507 515 2593 μόνον
536 2510 705 2592 χρηστική,
728 2507 833 2594 τούτῳ
848 2505 1001 2593 χρῆσθαι
1016 2507 1172 2598 ὁπωσοῦν

8 2663 14 2688 ,
132 2649 136 2652 -
161 2611 312 2698 ἀπαρκεῖ·
337 2607 378 2677 ού
398 2609 433 2678 δὲ
453 2610 509 2678 καί
526 2615 838 2699 παρακολουθητικὴ
857 2621 895 2698 τῇ
916 2615 1043 2700 χρήσει,
1066 2615 1172 2702 τούτῳ

159 2721 196 2783 τὸ
224 2719 305 2784 κατὰ
331 2705 457 2803 τρόπον
484 2718 526 2799 ἂν
554 2720 598 2804 μὴ
625 2728 732 2805 προσῇ
761 2718 919 2786 οὐδέποτε
942 2719 1088 2798 τεύξεται
1112 2729 1172 2786 τοῦ

81 2864 85 2870 ·
109 2821 142 2892 18
160 2823 284 2901 τέλους.
329 2827 364 2889 τί
384 2819 460 2903 ούνς
486 2825 623 2893 ἐκείνων
641 2825 780 2892 ἕκαστον
803 2827 1032 2907 κατασκευάζει
1055 2824 1173 2912 τὸμὲν

162 2927 237 2996 ὥστ’
266 2929 456 3016 ἐσθίεσθαι,
483 2935 521 2998 τὸ
549 2921 592 2997 δ”
611 2934 694 2999 ὥστε
721 2932 895 3018 ὑπηρετεῖν
923 2935 970 3012 είς
997 2937 1174 3019 γεωργίαν,
1188 2961 1216 3002 ετ

162 3039 200 3102 τὸ
224 3033 255 3101 δ’
281 3037 363 3102 ὥστε
386 3040 489 3124 τυρὸν
513 3037 643 3124 φέρειν,
670 3041 707 3105 τὸ
732 3036 762 3104 δ’
791 3041 871 3108 όίλλο
895 3037 945 3105 ἐπ’
973 3042 1057 3127 όλλῃ
1081 3045 1175 3128 χρεία
1291 3071 1295 3078 ·

162 3145 390 3233 παραπλησίω,
413 3146 495 3230 πρὸς
514 3145 534 3210 ἃ
553 3149 602 3222 τίς
622 3149 715 3230 χρεία
734 3156 794 3212 τοῦ
817 3152 1087 3233 παρακολουθεῖν
1104 3158 1176 3224 ταῖς

230 3372 346 3462 2<μὴ>
364 3390 414 3428 om.
434 3373 466 3428 S:
486 3375 550 3428 αιίό
565 3373 593 3434 S
612 3374 683 3429 δῖοί).
712 3376 721 3442 Ι]
748 3374 913 3430 ἀπολείπειν
933 3375 1005 3430 St.ob
1038 3377 1048 3442 ΙΙ
1076 3374 1175 3429 3τού-

158 3464 213 3498 των
233 3441 350 3498 εκαστον
364 3444 436 3504 Stob.
460 3446 469 3514 ΙΙ
492 3449 509 3497 4
522 3453 581 3508 πως
595 3443 745 3500 οίονται
717 3465 752 3498 τα
766 3444 853 3508 ούτως
867 3446 940 3502 stob.
963 3449 972 3515 ss
996 3451 1011 3500 5
1026 3454 1075 3500 τού
1091 3447 1174 3501 αύτο-

160 3513 248 3584 μύτον
267 3514 338 3571 Stob.
380 3517 389 3586 ΙΙ
430 3517 630 3585 γίγνεσθαιῖ
598 3515 672 3572 St.ob
713 3518 723 3586 ΙΙ
766 3521 798 3571 14
817 3525 872 3571 τῶν
891 3518 974 3574 debs
1015 3523 1023 3587 ΙΙ
1064 3516 1173 3586 ἀλόγων

160 3588 271 3657 scripsi:
295 3586 431 3643 αύτῶνδ
537 3617 540 3623 ,
