2626 3924
179 215 246 280 376
327 214 512 267 APPIANOT
530 212 605 265 ΤΩΝ
623 211 840 264 ΕΠΙΚἸἩΤΟΤ
857 211 1053 264 ΔΙΑΤΡΙΒΩΝ

181 375 233 443 ἐπὶ
256 377 362 441 ποσὸν
384 374 531 461 αἰσθάνῃ
554 371 610 439 καὶ
633 372 732 449 αὐτὸς
761 380 819 455 τῆς
842 370 1037 455 ἐπαγγελίας
1059 381 1124 438 τοῦ
1147 398 1199 457 φι-

181 485 347 566 λοσόφου,
383 479 635 558 ἀπολισθαίνεις
671 475 710 545 δέ
742 476 799 543 καὶ
831 476 953 563 συγχέῃ
984 478 1051 544 ὑπὸ
1084 478 1199 564 ἀμελε-

181 591 303 672 τησίας.

129 711 163 759 15
245 691 345 759 ’Λλλά
364 690 420 758 καὶ
443 689 539 758 αὐτοὶ
561 692 597 757 οί
616 691 816 775 καλούμενοι
838 693 1019 776 φιλόσοφοι
1042 689 1109 756 ἀπὸ
1133 703 1200 756 τῶν

181 809 306 867 κοινῶν
333 801 371 866 τὸ
398 808 533 885 πρᾶγμα
560 800 724 882 μετίασιν·
751 796 856 874 εὐθὺς
883 796 1109 881 ἀναλαβόντες
1133 801 1232 883 τρίι

182 911 275 991 βωνα
311 903 366 971 καὶ
402 906 546 988 πώγωνα
579 902 739 980 καθέντες
770 900 873 988 φασὶν
905 902 982 987 ‘drab
1014 905 1202 989 φιλόσοφός

130 1030 164 1078 16
183 1011 272 1096 εἰμι’.
310 1009 420 1088 οὐδεὶς
439 1008 468 1075 δ’
493 1010 563 1096 ἐρεῖ
583 1008 660 1092 “ἐγὼ
679 1012 838 1094 μουσικός
856 1009 946 1094 εἰμι’,
969 1008 1012 1075 άν
1030 1014 1202 1094 πλῆκτρον

183 1116 240 1184 καὶ
263 1117 409 1200 κιθάραν
432 1114 592 1201 ἀγοράσῃ,
615 1112 687 1180 οὐδ’
716 1113 792 1198 “ἐγδι
816 1115 955 1202 χαλκεύς
973 1114 1065 1198 εἰμι’,
1088 1113 1132 1180 ἂν
1151 1136 1203 1179 πι-

184 1227 259 1288 λιόν
282 1217 337 1286 καὶ
365 1224 530 1304 περίζωμα
558 1227 751 1307 περιθηται,
778 1217 851 1285 ἀλλ’
877 1219 1051 1307 ἁρμόζεται
1079 1217 1143 1304 μέν
1166 1222 1202 1285 τὸ

186 1335 293 1413 σχῆμα
316 1327 398 1412 πρὸς
420 1325 482 1408 την
504 1323 634 1410 τέχνην,
658 1325 721 1392 ἀπὸ
744 1335 802 1410 της
823 1322 940 1410 τέχνης
962 1321 1000 1389 δὲ
1021 1327 1059 1390 τὸ
1085 1327 1204 1410 ὄνομα,
1217 1346 1237 1384 ιι

132 1451 165 1501 17
186 1433 249 1499 οὐκ
276 1431 340 1498 ἀπὸ
369 1436 534 1518 σχήματος
559 1431 839 1517 ἀναλαμβάνουσι.
885 1431 942 1495 διά
969 1438 1067 1496 τοῦτο
1095 1438 1204 1509 καλῶς

185 1539 364 1625 Εὐφράτης
392 1541 504 1622 ἔλεγεν
532 1537 583 1602 δτι
612 1535 690 1603 ‘eal
723 1540 823 1603 πολὺ
855 1535 1078 1622 ἐπειρώμην
1111 1542 1204 1603 λαν-

184 1646 328 1712 θάνειν
360 1651 593 1730 φιλοσοφῶν
624 1641 689 1708 καὶ
725 1639 772 1727 ἦν
803 1644 896 1728 μοι’,
933 1646 1032 1728 φησί,
1069 1642 1204 1710 ετοῦτο

187 1750 395 1836 ὠφέλιμον.
440 1762 594 1836 πρῶτον
622 1745 692 1833 μὲν
720 1751 792 1834 γάρ
819 1748 949 1835 ᾔδειν,
976 1749 1049 1815 ὅσα
1078 1754 1204 1826 καλῶς

187 1857 366 1939 ἐποίουν,
390 1857 450 1922 ότι
473 1856 519 1921 οὐ
543 1856 607 1920 διδι
630 1858 721 1932 τοὺς
738 1856 884 1932 θεατάς
902 1854 1083 1940 ἐποίουν,
1107 1854 1204 1921 ἀλλὰ
1218 1873 1239 1914 ιε
1284 1934 1285 1948 ρ

188 1956 237 2026 δι’
265 1960 446 2044 ἐμαυτόν·
474 1963 621 2044 ἤσθιον
645 1960 796 2050 ἐμαυτςό
825 1965 966 2044 καλῶς,
992 1967 1205 2026 κατεσταλ-
1284 1949 1285 1952 “

188 2064 310 2150 μένον
337 2061 445 2151 εἶχον
468 2067 510 2130 τὸ
533 2063 699 2151 βλέμμα,
726 2070 794 2134 τὸν
821 2071 1050 2152 περίπατον·
1078 2067 1205 2133 πάντα

136 2192 170 2240 18
191 2171 342 2260 ἐμαυτῷ
386 2168 451 2236 καὶ
492 2177 580 2258 θεῷ.
646 2168 730 2238 εἶτα
772 2174 899 2259 ὥσπερ
941 2175 1062 2257 μόνος
1103 2173 1205 2257 ἠγω-

189 2280 370 2362 νιζόμην,
402 2276 502 2342 οὕτω
534 2281 655 2362 μόνος
683 2275 748 2342 καὶ
780 2277 1052 2344 ἐκινδύνευον·
1084 2277 1205 2346 οὐδὲν

190 2383 277 2469 ἐμοὶ
305 2383 495 2468 δράσαντι
523 2386 564 2450 τὸ
594 2386 758 2468 αἰσχρὸν
786 2383 806 2467 ἣ
835 2380 1002 2469 ἀπρεπὲς
1027 2387 1069 2449 τὸ
1093 2386 1243 2470 <vm->20

189 2496 429 2578 φιλοσοφίας
457 2489 749 2573 ε’κινδυνεάετο,
777 2486 858 2555 οὐδ’
891 2492 1086 2574 ἔβλαπτον
1114 2493 1207 2567 τοὺς

137 2617 171 2664 19
190 2600 362 2674 πολλοὺς
388 2597 436 2672 ὡς
463 2597 683 2680 φιλόσοφος
709 2595 953 2680 ἁμαρτάνων.
1000 2597 1065 2662 διδ
1087 2607 1206 2663 τοῦτο

281 2845 368 2909 4sqq.
388 2839 423 2893 cf.
438 2839 524 2893 Ench.
539 2846 582 2908 46,
598 2845 627 2895 1:
647 2842 790 2909 Μηδαμοῦ
809 2839 928 2895 σεαυτὸν
947 2842 1028 2912 εἴπῃς
1047 2843 1206 2911 φιλόσοφον

192 2909 263 2980 μηδὲ
287 2911 364 2964 λάλει
379 2910 417 3034 ὸτὸ
434 2911 512 3034 ,πολὸρ
536 2905 567 2965 ἔν
593 2908 718 3000 ἰδιώταις
739 2909 805 2980 περὶ
827 2919 882 2966 τῶν
905 2911 1111 2982 θεωρημάτων,
1135 2912 1207 2968 ἀλλὰ

191 2980 400 3118 ποίειλέἔηέγάλ
412 3000 728 3107 τΕίίάελιελῦάςηέῗδῦένκαὶ
746 3054 841 3107 δοκεῖν
861 3053 956 3124 βούλει
968 3073 1006 3125 τῳ
1021 3049 1096 3109 εἶναι
1114 3053 1208 3124 (φιλδ

192 3125 301 3190 σοφος),
321 3126 412 3193 σαυτῷ
431 3123 550 3189 φαίνου·
570 3123 619 3177 καὶ
638 3122 735 3186 ίκανὸς
754 3121 812 3194 ἔσῃ.

267 3198 299 3246 16
310 3209 369 3261 sqq.
390 3190 425 3248 cf.
439 3191 525 3248 Ench.
541 3198 585 3260 46,
601 3200 629 3248 1=
650 3191 711 3249 οἷον
730 3190 761 3248 ἕν
780 3196 922 3267 συμποσίῳ
941 3194 978 3265 μὴ
998 3194 1068 3264 λε’γε,
1087 3203 1148 3259 πῶς
1161 3197 1212 3251 δεῖ

193 3257 311 3328 ἐσθίειν,
331 3260 391 3315 ἀλλ’
413 3260 492 3316 ἔσθιε
511 3263 548 3325 ὡς
566 3264 618 3317 δεῖ.

266 3487 497 3549 2ἀπολισθαίεις
516 3488 547 3543 S:
566 3505 634 3542 σοιν.
649 3488 679 3548 δι
708 3490 717 3556 ΙΙ
744 3490 929 3560 ἀμελητησίας
942 3492 974 3548 S:
988 3509 1056 3547 σοιν.
1072 3493 1105 3553 δι
1134 3495 1144 3560 ΙΙ
1174 3501 1210 3550 18

194 3557 275 3630 <τῷ>
295 3560 387 3627 θεῷε
417 3560 427 3627 η
459 3564 492 3610 20
512 3557 651 3625 δράσαντί
669 3577 696 3610 τι
714 3559 868 3615 Salmasius
894 3563 904 3630 ΙΙ
932 3561 1021 3635 (τῆς)
1039 3564 1104 3617 add.
1119 3564 1210 3622 δελετο.
