2588 3914
103 198 204 252 (ετ-ει)
536 191 689 244 STOBAEI
1049 191 1119 256 477

471 354 504 404 61
529 347 629 418 (Schw.
649 349 682 402 fr.
702 350 756 418 82).

105 421 172 472 Τοῦ
192 419 306 473 αὐτοῦ.

175 506 228 576 Μὴ
252 513 310 569 τοῖς
334 501 363 572 έξ
382 507 507 579 Εῦβοίας
529 507 579 561 καὶ
601 505 734 578 Σπάρτης
753 509 845 570 λίθοις
862 508 927 570 τοῦς
945 510 1056 578 τοίχους
1073 516 1122 578 τῆς

103 603 280 665 κατασκευῆς
297 596 431 664 ποίκιλλε,
452 593 523 649 ἀλλὰ
541 594 595 664 γὰρ
619 601 652 666 τῇ
677 589 708 649 έκ
731 603 780 664 τῆς
795 593 928 660 Ἑλλάδος
950 598 1068 672 παιδείᾳ
1086 597 1122 652 τά

105 683 207 753 στέρνα
226 692 281 738 τῶν
299 687 420 738 πολιτῶν
439 682 489 737 καλ
508 691 563 737 τῶν
581 681 803 753 πολιτευομένων
818 683 972 754 διακόσμει.
1000 686 1122 755 γνώμαις

76 771 161 841 σγὰρ
180 773 293 842 ἀνδρῶν
312 768 343 826 εδ
363 769 507 826 οἰκοῦνται
524 770 627 838 πόλεις,
648 769 709 825 ἀλλ’
731 773 763 826 οὐ
782 773 874 835 λίθοις
892 772 941 827 καλ
959 773 1058 839 ξύλοις.

179 875 256 932 Stob.
275 877 335 932 flor.
355 883 398 948 46,
413 883 456 934 82.
476 908 510 918 -
530 876 564 933 cf.
585 893 657 945 quae
677 877 741 933 adn.
761 877 806 934 ad.
827 877 878 932 eol.
893 883 935 934 39.

473 1043 506 1092 62
530 1035 631 1106 (Schw.
650 1037 683 1092 fr.
703 1037 756 1107 83).
1034 1039 1120 1094 SMA

107 1110 174 1161 Τοῦ
194 1108 305 1162 αὐτοῦ.

171 1191 290 1265 Ὥσπερ,
315 1194 343 1251 εί
359 1193 473 1260 λέοντας
492 1191 609 1270 έβοίλοο
628 1195 756 1268 τρέφειν,
783 1199 834 1252 οῦκ
852 1197 889 1252 άν
908 1214 953 1252 σοι
970 1204 1019 1266 τῆς
1036 1201 1122 1252 πολυ-

106 1286 213 1347 τελείας
230 1293 286 1338 τῶν
306 1286 442 1355 ζωγρείων
462 1282 567 1355 ἔμελεν,
587 1287 656 1341 ἀλλὰ
674 1294 723 1356 τῆς
740 1285 868 1356 πράξεως
885 1294 941 1340 τῶν
959 1285 1049 1359 ζῴων·
1074 1285 1121 1340 οῦ-

105 1391 167 1440 τως,
186 1371 213 1426 εί
230 1376 350 1427 πολιτῶν
364 1378 449 1447 πειρᾷ
463 1373 662 1442 προίστασθαι,
682 1373 718 1444 μὴ
732 1383 866 1429 τοσοῦτον
880 1381 929 1443 τῆς
942 1377 1121 1438 πολυτελείας

75 1467 162 1514 ῠτῶν
180 1460 383 1530 ἀναστημάτων
402 1460 546 1531 φρόντιζε,
566 1461 670 1516 ὁπόσον
689 1469 738 1530 τῆς
755 1463 889 1530 ἀνδρείας
907 1470 962 1516 τῶν
981 1457 1121 1535 ἐνδιατρι-

106 1547 212 1620 βόντων
232 1543 372 1619 ἐπιμελοῦ.

178 1637 256 1694 ειοο.
276 1637 336 1694 flor.
355 1643 399 1707 ιο,
415 1644 456 1694 οε.

471 1750 504 1800 63
529 1744 628 1815 (Sohw.
648 1744 681 1801 fr.
701 1745 756 1814 84).

109 1818 174 1869 Τοῦ
194 1816 305 1870 αὐτοῦ.

177 1903 319 1974 Καθάπερ
354 1904 465 1974 ἀγαθὸς
492 1903 679 1974 πωλοδάμνης
707 1905 740 1959 οῦ
767 1912 822 1958 τῶν
849 1904 949 1958 πώλων
976 1903 1041 1966 τοῦς
1069 1903 1120 1974 μὲν

107 1993 236 2062 άγαθοῦς
252 1991 363 2062 τρέφει,
387 1993 453 2056 τοῦς
470 1993 502 2048 δὲ
522 1996 674 2063 δυσηνίους
696 1993 839 2064 λιμώττειυ
858 1987 905 2068 έᾷ,
929 1992 999 2047 ἀλλὰ
1021 1991 1119 2064 τρέφει

109 2080 159 2150 μέν
179 2076 224 2135 ἐπ’
243 2083 303 2151 ίσης
321 2080 415 2152 άμφω,
434 2080 544 2148 κολάζει
562 2079 594 2136 δέ
614 2087 717 2152 μᾶλλον
735 2084 860 2152 θάτερον
875 2076 986 2147 έξισοῦν
1007 2080 1121 2154 θατέρῳ

78 2181 92 2222 ο
110 2166 272 2242 βιαζόμενος
290 2167 380 2240 μέρει·
400 2167 471 2224 οὕτω
489 2169 539 2224 καλ
553 2169 738 2240 κηδεμονικὸς
753 2169 826 2240 ἀνὴρ
840 2169 890 2224 καλ
902 2173 1046 2240 πολιτικῆς
1060 2165 1120 2225 έπι-

109 2257 217 2327 στήμων
232 2257 379 2327 δυνάμεως
395 2265 450 2312 τῶν
464 2262 584 2312 πολιτῶν
598 2259 663 2322 τοῦς
678 2256 729 2328 μὲν
748 2259 926 2330 εὐγνώμονας
940 2256 1015 2333 <ελ>
1027 2266 1120 2314 ποιεῖν

109 2341 255 2415 ἐπιχειρεῖ,
284 2346 350 2408 τοῦς
372 2345 404 2400 δέ
428 2343 547 2415 ἔμπαλιν
571 2347 604 2400 οῦ
626 2345 763 2411 καθάπαξ
789 2348 1026 2418 διαφθείρεσθαι·
1050 2348 1120 2403 ἀλλὰ

108 2440 214 2504 τροφῆς
232 2432 283 2502 μὲν
303 2434 410 2502 άμφοῖν
428 2430 528 2502 ἥκιστα
543 2437 657 2503 φθονεῖ,
676 2434 807 2489 παιδεύει
821 2434 852 2489 δέ
867 2434 916 2489 καλ
930 2434 1120 2507 σφοδρότερον

109 2518 270 2592 ἐπισπέρχει
288 2521 337 2576 τὸν
356 2521 556 2594 ἀντιβαίνοντα
574 2525 612 2594 τῷ
631 2521 701 2594 λόγῳ
720 2522 769 2577 καλ
786 2528 825 2595 τῷ
843 2522 926 2596 νόμω.

180 2628 257 2684 stob.
278 2627 337 2684 flor.
357 2633 400 2697 46,
416 2631 458 2683 84.

473 2758 507 2807 64
531 2753 632 2824 (Sohw.
650 2751 686 2809 fr.
703 2755 758 2823 85).

112 2828 177 2879 Τοῦ
196 2825 307 2879 αὐτοῦ.

180 2911 322 2984 Καθάπερ
337 2912 401 2968 οὔτε
419 2916 525 2984 κλαγγῇ
544 2912 606 2981 χήν,
626 2913 689 2967 οὔτε
709 2914 795 2985 βληχῇ
814 2911 1038 2980 καταπλήσσεται
1051 2913 1120 2984 πρό-

113 3003 207 3075 βατον,
226 3001 297 3057 οῦτω
317 3001 388 3072 μηδὲ
406 2999 534 3068 πλήθους
552 3000 675 3068 ἀνοήτου
694 3018 724 3055 σε
742 2999 913 3056 δεδιττέσθω
933 3001 1021 3070 φωνή.

182 3107 259 3162 St.ob
278 3107 337 3163 flor.
356 3113 399 3176 46,
414 3112 457 3162 85.

182 3273 224 3320 61.
255 3267 386 3321 llemma
399 3282 449 3321 om.
465 3267 508 3321 Br
559 3272 593 3336 τῇ
611 3272 769 3337 κατασκευῇ
788 3267 878 3323 codds
896 3283 964 3323 ιονυ.
976 3267 1099 3324 Μολυολι
1112 3268 1121 3339 λ

112 3335 268 3406 3γδιροω
287 3337 331 3392 Βν
360 3339 371 3426 ρ
402 3333 526 3474 εῦάμὲν
565 3339 661 3394 suadet
679 3337 771 3393 Ηοκετ

183 3412 224 3462 62.
253 3409 439 3532 3ζωγρόιων(
440 3426 471 3464 ve
501 3409 633 3479 ζωγριῦν)
623 3409 764 3479 ).Ισοιλά
760 3404 818 3477 ΙέἸ
837 3411 912 3464 ελλεν
931 3409 980 3466 SA

182 3483 224 3534 63.
253 3477 368 3551 ῦβιαζό
339 3479 495 3544 ζενονδ
515 3486 558 3547 (αλ
575 3481 643 3549 vid)
683 3483 692 3549 ΙΙ
722 3427 844 3553 6<εέι>
867 3482 918 3536 im.
939 3480 1064 3549 Wolfll

113 3550 335 3620 διαφθείρεσθαι
355 3497 432 3627 gae>
450 3551 573 3606 Μάκυλυ
