2650 3930
53 251 55 255 .
182 185 248 248 212
326 185 510 237 APPIANOT
528 185 602 236 Τωω
620 184 837 236 εοιιωιωοω
856 183 1051 236 mmm

183 348 283 431 ἔργον
306 343 408 429 ἐστίν,
432 343 484 410 ἐπὶ
506 355 605 416 τοῦτο
624 344 819 429 ἐγεννήθης,
841 345 898 410 ἵνα
917 361 971 410 σοι
990 345 1027 408 αί
1041 353 1198 427 γυναῖκες

130 470 165 519 34
184 452 221 516 οιί
246 450 422 517 ἀκόλαστοι
450 453 625 537 χαίρωσιν;
659 455 813 517 τοιοῦτόν
847 467 883 516 σε
911 458 1026 534 θῶμεν
1058 454 1198 534 πολίτην

183 560 392 640 Κορινθίων,
414 556 477 638 κάν
496 556 582 622 οὕτω
601 557 695 642 τύχη,
718 556 909 641 ἀστυνόμον
927 557 948 640 ή
967 555 1197 642 έφήβαρχονή

130 681 164 730 35
184 665 368 749 στρατηγὸν
391 662 412 747 ή
435 661 667 746 ἀγωνοθέτην;
693 665 752 746 ἀγε
776 661 831 728 καί
854 665 1004 748 γαμήσας
1025 666 1198 728 τίλλεσθαι

182 768 327 854 μέλλεις;
350 773 417 835 τίνι
440 766 496 834 καὶ
519 767 573 833 ἐπὶ
594 772 640 846 τίς
668 767 722 834 καὶ
746 770 863 834 παιδία
886 771 1026 852 ποιήσας
1047 763 1118 833 εἶτα
1140 768 1204 841 κά·Ι
1227 790 1240 831 5

182 887 276 943 κεῖνα
299 879 475 962 τιλλόμενα
493 875 574 961 ἡμίν
592 874 732 953 είσάξεις
749 877 797 953 είς
817 877 854 941 τὸ
877 878 1073 959 πολίτευμας
1097 877 1199 952 καλὸς

182 987 318 1068 πολίτης
336 979 391 1048 καὶ
409 983 591 1067 βουλευτής
611 979 666 1046 καὶ
686 981 804 1068 ῥήτωρ.
841 982 1013 1058 τοιούτους
1031 982 1085 1046 δεῖ
1099 979 1199 1058 νέους

184 1090 342 1173 εὔχεσθαι
365 1088 445 1172 ήμϊν
469 1089 617 1172 φύεσθαι
639 1085 695 1152 καὶ
718 1085 976 1174 ἀνατρέφεσθαι;

131 1213 164 1262 36
183 1193 185 1198 ’
250 1196 323 1275 Μή,
344 1195 423 1268 τοὺς
444 1193 547 1268 θεούς
570 1209 634 1277 σοι,
657 1196 824 1258 νεανίσκε·
852 1190 925 1257 ἀλλ’
946 1191 1030 1270 ἅπαξ
1054 1193 1200 1272 ἀνιούσας

184 1308 251 1363 τῶν
278 1301 389 1380 λόγων
415 1298 544 1364 τούτων
570 1298 728 1366 ἀπελθὼν
757 1307 867 1386 σαυτῷ
899 1294 969 1364 είπὲ
997 1299 1112 1364 ’ταῦτά
1141 1324 1199 1384 μοι
1215 1325 1242 1366 ιο

180 1400 368 1488 Ἐπίκτητος
387 1404 447 1469 οὐκ
473 1411 617 1491 είρηκεν·
640 1409 749 1472 πόθεν
770 1407 833 1492 γὰρ
858 1405 987 1495 ἐκείνως
1012 1405 1096 1471 ἀλλὰ
1118 1404 1200 1486 θεός

184 1513 233 1586 τίς
259 1507 331 1576 ποτ’
358 1511 498 1600 εὐμενής
525 1509 569 1576 δι’
596 1509 734 1577 ἐκείνου.
781 1506 860 1576 οὐδὲ
890 1512 953 1596 γὰρ
982 1511 1024 1577 ἀν
1051 1511 1199 1596 ἐπῆλθεν

181 1612 361 1706 Ἐπικτήτῳ
388 1627 491 1682 ταῦτα
519 1619 624 1683 εἰπεῖν
652 1618 714 1684 οὐκ
741 1620 877 1683 εἰωθότι
906 1615 1013 1700 λέγειν
1036 1621 1120 1704 πρὸς
1142 1619 1199 1685 οὐ·

135 1741 168 1792 37
190 1721 277 1788 δέκα.
314 1725 373 1807 ἀγε
393 1718 455 1790 οὖν
473 1732 519 1811 τῷ
538 1730 607 1811 θεῷ
626 1730 830 1807 πεισθῶμεν,
853 1725 971 1808 ἵναμή
995 1729 1198 1810 θεοχόλωτοι

185 1824 294 1913 ὦμεν’.
345 1832 399 1896 οὔ·
432 1829 504 1896 ἀλλ’
538 1829 580 1896 ἀν
607 1826 668 1915 μὲν
700 1829 800 1917 κόραξ
831 1831 1025 1916 κραυγάζων
1053 1836 1198 1917 σημαίνῃ
1213 1854 1240 1896 15
1314 1821 1315 1892 ἶ

184 1939 243 1999 σοι’
267 1957 314 2018 τι,
342 1936 402 2020 οὐχ
431 1937 448 2003 6
476 1936 577 2022 κόραξ
605 1935 695 2002 ἐστὶν
718 1937 736 2003 6
760 1940 947 2022 σημαίνων,
975 1933 1046 2001 ἀλλ’
1074 1937 1091 2003 6
1118 1941 1199 2016 θεὸς
1314 1939 1315 1962 ’

186 2036 229 2104 δι’
258 2039 374 2104 αὐτοῦ·
401 2039 445 2104 ἀν
474 2037 511 2106 δὲ
539 2039 582 2106 δι’
611 2040 826 2128 ἀνθρωπίνης
853 2051 967 2128 φωνῆς
990 2046 1132 2130 σημαίνῃ
1155 2067 1199 2129 τι,
1314 2049 1315 2118 Ῐ

185 2147 244 2210 τὸν
273 2146 456 2231 ἄνθρωπον
487 2148 573 2232 <οὐ>
604 2152 735 2233 ποιήσει
768 2147 877 2232 λέγειν
908 2166 962 2214 σοι
993 2149 1111 2232 ταῦτα,
1142 2153 1199 2216 ἵνα

186 2257 302 2336 γνοίης
327 2253 388 2336 τήν
418 2253 561 2339 δύναμιν
587 2265 648 2320 τοῦ
672 2256 864 2340 δαιμονίου,
893 2254 943 2318 ὅτι
965 2264 1035 2331 τοῖς
1057 2251 1119 2338 μὲν
1142 2257 1199 2322 οὕ-

185 2380 264 2444 τως,
292 2368 362 2437 τοίς
385 2355 415 2423 6²
443 2357 576 2437 ἐκείνως
599 2365 763 2446 σημαίνει,
785 2358 860 2441 περὶ
885 2356 922 2425 66
944 2371 1011 2425 τῶν
1034 2365 1198 2444 μεγίστων
1212 2385 1239 2426 ιο

133 2484 167 2533 38
185 2463 241 2531 καὶ
263 2465 476 2553 κυριωτάτων
494 2466 596 2550 <ὃιὰ>
613 2469 791 2533 καλλίστου
814 2464 957 2550 ἀγγέλου
976 2470 1142 2551 σημαίνεις
1165 2472 1201 2534 τί

187 2572 276 2638 ἐστιν
300 2575 381 2639 ἀλλο
406 2571 424 2636 6
449 2570 537 2655 λέγει
559 2573 577 2638 ὁ
601 2575 737 2657 ποιητής
1207 2595 1210 2602 ·

612 2688 674 2747 ἐπεὶ
691 2691 746 2763 πρό
766 2689 795 2747 ot
812 2693 1036 2763 είπομενήμεῖς,

341 2780 474 2852 Ἑρμείαν
493 2780 656 2852 πέμαγαντες
675 2776 813 2838 έόσκοπον
832 2781 1035 2852 ἀργεϊφόντην,

346 2867 409 2938 μήτ’
431 2869 517 2924 αὐτὸν
535 2872 655 2926 κτείνειν
674 2869 742 2940 μήτε
761 2869 909 2941 μνάασθαι
928 2869 1045 2925 ἀκοιτιν.
1212 2878 1237 2920 25

133 3013 166 3062 39
187 2994 205 3060 6
223 2991 343 3079 Ἑρμής
365 2997 508 3080 καταβὰς
535 2998 671 3080 ἔμελλεν
695 2997 783 3086 αὐτῷ
807 2994 916 3080 λέγειν
939 3006 1042 3062 ταῦτα
1063 2996 1119 3063 καί
1143 2998 1196 3066 σοί

186 3109 251 3165 νῦν
278 3098 435 3184 λέγουσιν
467 3102 502 3167 oc
529 3100 606 3168 θεοὶ
635 3111 739 3169 ταῦτα
761 3101 941 3188 Ἑρμείαν
973 3101 1198 3186 πέμψαντες
1311 3069 1315 3108 ⁴

258 3296 292 3345 23
303 3308 362 3359 sqq.
381 3293 461 3346 Hom.
482 3291 533 3346 Od.
553 3312 572 3345 α
586 3299 619 3348 37
629 3309 689 3361 sqq.

258 3465 441 3592 2γαίρουσιν
460 3465 602 3521 Secorm
633 3470 642 3536 ΙΙ
675 3472 708 3521 18
727 3465 868 3537 <οό>ίιιε.
889 3469 919 3530 8η
949 3471 958 3538 ΙΙ
990 3475 1023 3523 21
1038 3469 1130 3544 (διὰ)
1144 3473 1196 3526 im.

188 3535 218 3595 δε
247 3538 257 3605 ΙΙ
289 3541 324 3590 24
357 3536 408 3589 πεί
424 3531 453 3590 ot
468 3537 640 3606 προείπομεν
659 3537 690 3592 S:
710 3552 778 3592 corr.
803 3537 864 3608 Upt.
