2636 3930
14 29 15 60 ι

193 197 259 260 256
340 198 523 252 ΑΡΡΙΑΝΟΤ
541 197 616 250 ΤΩΝ
632 198 850 250 ΕΠΙΚΤΗΤΟΤ
867 198 1061 250 ΔΙΔΤΡΙΒΩΝ

14 341 16 394 λ

190 360 311 424 τούτου
335 356 429 422 ἕνεκα
452 358 554 422 αὐτὸν
577 355 745 424 ἀπολέσαι.
790 356 949 425 οὐδέποτε
972 359 1035 444 γάρ
1059 356 1097 422 ἐν
1115 359 1206 447 ἀλλῳ

156 464 252 548 ομέν
274 488 324 541 τις
347 463 538 548 ἁμαρτάνει,
562 465 607 541 είς
630 465 711 531 ἀλλο
731 460 768 529 δὲ
788 464 974 548 βλάπτεται.
1019 463 1121 529 πάλιν
1145 466 1206 529 σὸν

190 571 290 656 ἔργον
300 569 601 655 τὸάπολογηθῆναι
615 570 798 654 εὐσταθῶς,
812 572 1012 655 αἰδημόνως,
1026 570 1205 654 ἀοργήτως.

190 678 223 740 εί
244 673 282 742 δὲ
304 679 363 762 μή,
391 675 562 755 ἀπώλεσας
588 675 644 742 καὶ
671 680 713 743 σὺ
741 679 800 743 τὸν
823 678 917 762 υίόν,
945 680 1004 744 τὸν
1027 678 1206 760 αίδῆμονα,

156 796 171 844 ⁷
190 784 250 849 τὸν
272 794 438 867 γενναίαν.
483 787 518 849 τί
538 778 616 864 οάν;
642 784 660 850 6
683 785 796 870 κριτῆς
818 782 998 861 ἀκίνδυνός
1020 783 1125 862 ἐστιν;
1150 783 1206 848 οὔ·
1236 805 1250 845 5

190 889 274 955 ἀλλά
296 888 437 978 κάκείνῳ
460 891 499 955 τά
524 897 578 956 ίσα
606 890 847 960 κινδυνεύεται.
892 893 928 955 τί
947 885 1010 955 οὖν
1033 892 1080 954 ἔτι
1103 893 1207 974 φοβῆ,

154 1007 170 1056 8
189 1001 224 1062 τί
245 995 369 1073 ἐκεῖνος
391 1006 512 1082 κρινελ;
541 999 576 1061 τί
596 993 650 1061 σοὶ
673 993 728 1060 καὶ
752 1004 796 1084 τῷ
820 995 982 1084 ἀλλοτρίῳ
1005 1003 1108 1082 κακβ;
1142 998 1207 1062 σὸν

189 1105 292 1168 κακόν
320 1101 390 1167 ἐστι
417 1103 454 1166 τὸ
477 1112 585 1178 κακῶς
607 1100 873 1186 ἀπολογηθῆναι·
904 1112 1002 1168 τοῦτο
1025 1102 1205 1186 φυλάσσου

190 1211 308 1292 μόνον·
331 1213 490 1291 κριθῆναι
514 1202 545 1271 δ’
568 1206 651 1292 ῆμῆ
670 1214 828 1294 κριθῆναι
851 1209 961 1295 ὥσπερ
985 1209 1088 1273 άλλου
1113 1205 1206 1272 ε’στὶν

153 1326 169 1374 9
190 1315 299 1398 ἔργον,
323 1312 409 1378 οὕτω
428 1314 532 1378 κακὸν
550 1313 654 1379 ἀλλον
672 1312 772 1379 ἐστίν.
809 1311 949 1378 ’ἀπειλεῖ
966 1330 1020 1379 σοι
1044 1314 1062 1380 6
1086 1314 1205 1380 δεῖνα’.
1223 1337 1249 1376 ιο

188 1416 275 1501 ἐμοίς
308 1419 357 1484 οὔ.
410 1416 514 1502 ’ψέγει
542 1418 599 1484 σε.’
651 1419 749 1496 αὐτὸς
777 1421 908 1503 ὄψεται,
944 1430 1013 1497 πῶς
1031 1432 1136 1485 ’ποιεί
1166 1424 1205 1488 τὸ

189 1525 277 1594 ίδιον
296 1527 405 1611 ἔργον.
447 1524 571 1610 ’μέλλει
591 1541 627 1590 σε
650 1538 860 1612 κατακρινείν
883 1525 1025 1603 ἀδίκοις.’
1074 1526 1205 1604 άθλιος.

264 1945 326 2012 ιθ’.
367 1951 432 2024 Τίς
456 1948 590 2024 στάσις
613 1949 778 2014 ίδιάτου
800 1947 863 2014 καὶ
886 1952 1120 2034 φιλοσόφου.

152 2102 166 2150 1
249 2085 297 2152 ‘H
314 2090 426 2173 πρώτη
451 2089 595 2174 διαφορά
623 2089 758 2156 ἰδιώτου
781 2088 836 2154 καί
858 2093 1059 2176 φιλοσόφου·
1091 2090 1109 2157 6
1138 2087 1204 2176 μὲν

186 2192 275 2278 λέγει
298 2193 390 2260 ὀὐαί
414 2217 471 2279 μοι
499 2195 556 2259 διά
582 2197 619 2261 τὸ
646 2196 840 2282 παιδάριον,
871 2197 927 2260 διά
953 2198 1013 2262 τὸν
1040 2195 1203 2282 ἀδελφάν,
1218 2218 1245 2259 1⁵

186 2298 262 2366 οὐαὶ
282 2301 337 2365 διά
355 2302 415 2367 τὸν
433 2299 580 2388 πατέρα’,
604 2299 687 2386 ὁδ’,
711 2303 753 2368 ἀν
770 2298 843 2369 ποτ’
867 2305 972 2367 εἰπεῖν
990 2301 1203 2388 ἀναγκασθῆ,
1303 2355 1304 2374 .

48 2415 52 2422 ’
150 2405 277 2474 κὀὐαί
296 2407 377 2492 μοι’,
400 2406 574 2490 ἐπιστάσας
597 2405 696 2492 λέγει,
715 2404 772 2472 ’δι’
796 2406 855 2492 ἐμέ
860 2406 879 2472 ’.
916 2409 1112 2494 προαίρεσιν
1134 2409 1201 2494 γάρ

186 2510 287 2580 οὐδὲν
317 2514 457 2579 δύναται
483 2518 631 2579 κωλῦσαι
658 2513 679 2598 ῆ
708 2514 834 2598 βλάψαι
856 2514 1077 2600 ἀπροαίρετον
1100 2515 1200 2599 εἰμὴ

148 2619 266 2704 ταύτῆ
296 2617 425 2706 ἑαυτήν.
471 2620 514 2686 ἀν
541 2614 603 2686 οὖν
631 2618 684 2685 ἐπὶ
711 2629 809 2686 τοῦτο
838 2617 991 2706 ῥίψωμεν
1013 2617 1068 2685 καὶ
1091 2619 1200 2705 αὐτοί,
1303 2675 1304 2700 ,

185 2720 268 2789 ὥσθ’
297 2724 376 2790 ὅταν
405 2726 617 2810 δυσοδῶμεν,
647 2724 769 2801 αὑτοὺς
795 2725 965 2789 αίτιάσθαι
992 2722 1047 2790 καὶ
1075 2736 1199 2811 μεμνῆ-
1214 2747 1243 2786 ιο
1303 2755 1304 2802 γ

184 2836 265 2895 σθαι
293 2829 343 2894 ὅτι
371 2827 471 2896 οὐδὲν
499 2832 580 2897 ἀλλο
611 2840 753 2918 ταραχῆς
779 2829 799 2914 ἢ
828 2828 1066 2909 ἀκαταστασίας
1088 2835 1199 2898 αἴτιόν
1303 2815 1304 2836 ’

258 3027 291 3076 14
304 3037 365 3089 sqq.
380 3021 415 3078 cf.
429 3021 518 3077 Enoh.
532 3028 575 3091 48,
591 3029 619 3078 l:
636 3020 759 3077 Ἰδιάτον
774 3020 868 3085 στάσις
882 3022 931 3076 καί
944 3022 1100 3093 χαρακτήρ·
1115 3022 1198 3079 0666-

183 3111 250 3147 ποτε
278 3087 307 3159 ἐξ
332 3088 434 3148 ἑαυτοῦ
460 3096 606 3184 προσδοκά
629 3091 769 3162 ὠφέλειαν
792 3090 810 3160 ἢ
835 3092 955 3165 βλάβην,
979 3091 1039 3147 ἀλλ’
1061 3094 1119 3149 ἀπὸ
1138 3104 1195 3149 τῶν
1303 3113 1304 3168 γ

184 3162 248 3229 ἔξω·
267 3164 425 3233 φιλοσόφου
445 3181 539 3228 στασις
552 3147 602 3221 καί
615 3163 771 3235 χαρακτήρ·
791 3170 887 3219 πᾶσαν
906 3162 1047 3234 ὠφέλειαν
1065 3165 1115 3219 καί
1128 3165 1195 3238 βλά-
1303 3169 1304 3230 λ

182 3236 235 3307 βην
255 3231 284 3302 ἐξ
303 3231 405 3290 ἑαυτοῦ
424 3237 577 3313 προσδοκᾷ.

182 3345 395 3354 ι--υ-φ-

256 3416 268 3462 1
289 3408 448 3465 ἀπολέσθαι
466 3410 489 3466 S
507 3415 551 3479 (αι
567 3413 648 3479 οίά.).·
666 3427 734 3467 corr.
759 3409 875 3536 Wolf}
907 3416 922 3464 ‘1
942 3404 1061 3474 ἐκείνοις
1079 3411 1111 3466 S:
1124 3429 1197 3468 corr.

180 3494 194 3532 ε
225 3480 234 3547 ΙΙ
266 3477 360 3550 κρίνηι
378 3481 412 3537 S:
429 3482 616 3538 camaram
647 3482 656 3548 ΙΙ
689 3486 721 3534 18
741 3478 834 3542 οὐδεὶς
876 3497 972 3537 :cw-
991 3499 1025 3537 m·
1041 3499 1087 3552 pr·
1119 3486 1128 3550 ΙΙ
1162 3489 1196 3538 19

182 3546 305 3619 (θάψομεν
324 3550 357 3607 S:
376 3568 444 3609 corr.
463 3551 495 3612 So
523 3554 533 3620 6
564 3557 599 3606 20
617 3551 718 3612 αὐτοὺς
736 3549 769 3605 S:
787 3565 888 3607 εοεαε
1179 3551 1182 3556 ’
1303 3555 1304 3566 ’
