2636 3930
180 179 245 242 226
322 179 504 231 ΑΡΡΙΑΝΟΤ
523 178 597 232 ΤΩΝ
615 177 833 230 ΕΠΙΚΤΗΤΟΤ
850 134 1045 230 ΔλΑΤΡΙΒΩδ

179 343 348 430 μαστηρίῳ
383 341 552 427 χρώμενος
578 349 645 404 τῶν
673 337 808 423 εὐφυῶν
835 335 891 403 καὶ
923 336 1052 422 ἀφυῶν.
1101 339 1199 420 ἔλεγε

179 448 243 533 γδρ
264 447 314 512 ὅτι
334 445 400 524 ‘ebe
418 446 435 513 ὁ
454 450 587 529 λίθος,
605 444 677 510 κάν
696 443 911 531 ἀναβάλης,
935 443 1200 530 ἐνεχθησεται

180 553 282 619 κάτω
315 550 377 618 ἐπὶ
400 551 498 636 <γην
528 552 651 635 κατδι>
683 553 752 636 τὴν
780 551 902 616 αὑτοῦ
932 552 1200 634 κατασκευήν,

180 659 280 724 ούτω
308 655 372 723 καὶ
400 657 418 724 ὁ
446 657 610 741 εὐφυής,
642 656 718 746 ὅσω
751 661 901 741 μᾶλλον
933 655 1203 740 ἀποκρούεταί

180 790 238 844 τις
257 765 392 847 αὐτόν,
409 765 584 852 τοσούτφ
598 768 749 847 μᾶλλον
762 763 870 829 νεύει
889 759 944 848 ἐφ’
965 760 1196 848 δπέφνκεν.’
1227 783 1243 823 5

255 1065 292 1148 ζ’.
330 1069 437 1153 Πρὸς
460 1067 528 1131 τὸν
552 1066 778 1150 διορθωτὴν
801 1074 876 1129 τῶν
900 1061 1123 1148 ἐλευθέρων

403 1173 554 1235 πόλεων
575 1167 848 1254 Ἐπικούρειον
872 1170 974 1234 ὄντα.

145 1312 161 1360 1
252 1300 320 1362 Τοῦ
353 1291 390 1359 δὲ
422 1295 613 1379 διορθωτοῢ
645 1294 856 1370 είσελθόντος
888 1294 970 1379 πρὸς
1002 1292 1105 1359 αὐτόν
1139 1288 1199 1376 (ἦν

181 1401 213 1469 δ’
239 1398 335 1479 οὗτος
354 1397 592 1488 Ἐπικούρειος)
609 1398 733 1484 ’Ἀξιον,
756 1403 832 1485 ἔφη,
854 1402 932 1477 τοὺς
955 1400 1088 1476 ἰδιώτας
1111 1398 1199 1484 ἡμᾶς

181 1506 258 1596 παρ’
276 1509 372 1594 ὑμῶν
386 1518 454 1573 τῶν
472 1509 669 1593 φιλοσόφων
682 1507 931 1589 πυνθάνεσθαι,
948 1506 1099 1591 καθάπερ
1118 1507 1199 1583 τοὺς
1215 1529 1244 1568 ιο

182 1619 229 1694 είς
253 1613 351 1699 ξένην
373 1617 472 1681 πόλιν
486 1613 659 1690 ιέλθόντας
680 1613 769 1699 παρὰ
787 1624 855 1678 τῶν
873 1617 1018 1678 πολιτῶν
1036 1610 1091 1676 καὶ
1109 1613 1199 1677 είδό-

181 1746 261 1808 των,
282 1726 318 1788 τί
337 1721 514 1808 κράτιστόν
532 1719 622 1786 ἐστιν
642 1719 678 1784 ἐν
696 1721 821 1808 κόσμφ,
844 1720 901 1785 ἵνα
919 1717 974 1784 καὶ
993 1715 1088 1784 αὐτοὶ
1110 1718 1199 1783 ίστο-

183 1834 342 1916 ρήσαντες
365 1831 538 1913 μετίωμεν,
561 1826 606 1903 ὡς
629 1827 751 1891 ἐκείνοι
774 1827 814 1891 τὰ
840 1825 877 1891 ἐν
899 1835 970 1902 ταῖς
992 1827 1118 1908 πόλεσι,
1141 1821 1199 1889 καὶ

146 1937 351 2018 εθεώμεθα.
396 1933 446 1996 ὅτι
469 1928 530 2015 μὲν
553 1933 617 2017 γὰρ
640 1934 714 2017 τρία
738 1929 807 1997 ἐστὶ
829 1928 905 2017 περὶ
926 1933 985 1996 τὸν
1003 1933 1199 2017 ἄνθρωπον,
1314 1953 1317 2006 ι

181 2039 271 2122 ψυχὴ
295 2036 350 2103 καὶ
374 2048 467 2121 σῶμα
485 2034 540 2101 καὶ
563 2038 603 2101 τὰ
626 2038 730 2122 ἐκτός,
752 2039 872 2124 σχεδὸν
892 2035 1005 2114 οὐδεὶς
1023 2035 1197 2120 ἀντιλέγει.
1214 2058 1240 2099 15
1316 2019 1317 2048 λ

184 2147 302 2212 λοιπὸν
325 2142 486 2229 ὑμέτερόν
510 2147 600 2209 ἐστιν
624 2143 869 2231 ἀποκρίνασθαι
897 2147 932 2209 τί
957 2143 1027 2210 ε’στι
1052 2145 1090 2208 τὸ
1119 2143 1199 2228 κρύ-

147 2267 310 2329 3τιστον;
339 2253 374 2315 τί
399 2249 540 2335 ἐροῦμεν
568 2261 637 2328 τοῖς
664 2249 871 2336 ἀνθρώποις;
900 2251 962 2334 τὴν
990 2250 1109 2336 σάρκας
1142 2248 1199 2315 καὶ

183 2359 239 2423 διδι
266 2357 389 2442 ταύτην
415 2355 570 2441 Μάξιμος
598 2359 757 2423 ἔπλευσεν
785 2355 882 2443 μέχρι
909 2359 1103 2445 Κασσιόπης
1129 2378 1199 2440 χει-

145 2477 293 2551 4μῶνος
315 2464 395 2549 μετὰ
418 2473 478 2529 τοῦ
501 2465 578 2529 υίοῦ
601 2451 815 2549 προπέμπων,
838 2459 882 2527 ἵν’
908 2462 997 2548 ἡσθῇ
1021 2471 1059 2548 τῇ
1084 2465 1195 2548 σαρκί;

180 2568 426 2657 Ἀρνησαμένον
450 2567 480 2634 δ’
504 2568 633 2636 ἐκείνου
651 2567 707 2634 καὶ
724 2571 875 2646 είπόντος
892 2571 952 2654 Μὴ
974 2567 1117 2652 γένοιτο·
1143 2568 1195 2633 Οὐ
1210 2589 1239 2628 εο

183 2679 397 2688 -———---—

256 2717 319 2799 δερ.
334 2711 411 2762 idem
424 2707 483 2762 fere
494 2710 689 2777 argumentum
699 2709 839 2762 tractatur
853 2707 952 2777 fragm.
963 2707 1027 2760 XIV
1038 2707 1128 2778 (θεολ).
1137 2706 1197 2763 flor.

185 2789 209 2849 6,
225 2785 283 2845 50)ε
307 2782 350 2833 Eu
368 2787 424 2834 τῶν
442 2775 500 2850 (vel
517 2782 578 2847 τοῦ)
595 2777 770 2846 Ἐπικτήτου.
811 2779 884 2841 Τοὺς
902 2780 1045 2849 δνσχερείς
1063 2777 1094 2832 δὲ
1117 2781 1198 2847 φιλο-

185 2849 290 2920 σύφονς
308 2848 348 2912 είς
366 2848 451 2920 μέσον
466 2850 588 2919 ἄγοντες,
608 2849 650 2912 οἷς
668 2851 701 2905 ού
720 2852 802 2905 δοκεῖ
815 2849 887 2904 κατὰ
900 2849 993 2919 φύσιν
1011 2849 1101 2918 ἡδονὴ
1122 2847 1198 2904 εἷναι

184 2920 244 2977 ἀλλ’
258 2917 453 2990 ἐπιγίγνεσθαι
467 2928 525 2984 τοῖς
538 2920 611 2975 κατδι
625 2921 720 2991 φύσιν,
736 2920 910 2992 δικαιοσύνη,
926 2920 1105 2992 σωφροσύνῃ,
1120 2915 1197 2974 ἑλεν-

183 2993 278 3067 θερίρι.
315 2994 346 3046 τί
360 2989 423 3046 ποτ’
445 2988 497 3046 οδν
516 2991 533 3060 ἡ
551 2992 628 3062 φοχὴ
652 2987 699 3046 ἐπὶ
718 2991 769 3061 μὲν
787 2999 846 3054 τοῖς
863 3000 912 3046 τοῦ
932 2992 1057 3061 σώματος
1075 2991 1197 3060 ἀγαθοῖς

185 3061 358 3135 μικροτέροις
376 3058 438 3117 ούσι
456 3063 548 3132 χαίρει
562 3063 611 3117 καὶ
624 3066 754 3137 γαληνιρλ,
774 3061 811 3125 ὥς
825 3079 911 3130 φησιν
922 3060 1089 3131 Ἐπίκονρος
1105 3061 1195 3132 (Epic.

185 3135 232 3189 Us.
253 3136 284 3190 fr.
305 3140 365 3203 425,
389 3151 416 3202 p.
437 3135 553 3203 284,1),
582 3128 628 3188 ἐπὶ
656 3133 687 3188 δὲ
715 3139 772 3194 τοῖς
801 3135 886 3201 αὐτῆς
913 3133 1035 3202 ἀγαθοῖς
1060 3134 1198 3203 μεγίστοις

186 3203 265 3262 ούσιν
289 3206 339 3274 οὐχ
362 3201 475 3274 ἥδεταις
502 3205 595 3259 καίτοι
621 3203 670 3258 καλ
693 3202 799 3258 δέδωκέ
822 3223 870 3274 μοι
897 3202 914 3272 ἡ
943 3203 1026 3272 φύσις
1053 3202 1124 3258 αίδῶ
1149 3203 1199 3258 καλ

185 3276 274 3331 πολλδι
287 3277 460 3344 δπερνθριῶ,
480 3272 548 3328 ὅταν
561 3295 589 3329 τι
602 3274 734 3348 δκολάβω
753 3273 868 3344 αἰσχρὸν
884 3273 982 3345 λέγειν.
1011 3274 1093 3328 τοῦτό
1112 3293 1145 3344 με
1165 3274 1197 3328 τὸ

185 3348 290 3415 κίνημα
310 3347 361 3399 οὐκ
380 3340 413 3417 ἐᾷ
432 3344 483 3412 τὴν
501 3343 609 3414 ἡδονὴν
628 3343 736 3400 θέσθαι
755 3346 936 3414 ἀγαθὸνκαὶ
960 3343 1036 3407 τέλος
1054 3353 1104 3399 τοῦ
1125 3342 1196 3416 βίον.

186 3440 274 3520 ——2
293 3465 352 3521 ἀνω
372 3465 487 3538 βοίληςε
518 3468 527 3535 ΙΙ
559 3437 671 3538 3<γῆνγ
687 3467 780 3542 κατὰ)
797 3469 887 3539 suppl.
906 3467 990 3524 δαίετο.
1023 3471 1032 3537 ΙΙ
1064 3469 1151 3522 αὐτοῦ
1166 3467 1200 3523 S:

186 3554 256 3594 οονν.
276 3539 315 3593 ιδ.
335 3537 425 3591 Ιιοικλ.
