2636 3930
136 209 191 262 (111,
206 210 239 261 ιν,
253 205 330 255 5-16)
447 197 600 249 BIBAION
617 197 757 249 TPITON.
782 193 832 267 ιβ’.
1085 195 1148 259 241

134 357 185 422 ὅτι
205 354 318 434 δόξαν
336 355 518 442 ἀνδριάντα
535 354 817 441 τεριειληφέναιῖ,
842 353 912 422 εἶτα
935 355 990 422 καὶ
1010 359 1148 446 οίναρίιμ
1171 376 1202 423 11

132 473 270 549 κομψῶς
287 469 444 549 χρῆσθαι,
466 465 511 547 μὴ
530 469 577 539 είς
594 465 632 528 τὸ
650 465 736 528 πολὺ
756 466 866 529 πίνειν
891 461 959 550 (καὶ
985 463 1048 550 γάρ
1074 461 1151 547 περὶ

133 580 232 636 τοῦτο
257 567 465 654 έκαρίστεροι
487 567 630 651 ἀσκηταί
649 566 762 656 εἰσιν),
785 568 869 635 ἀλλά
892 581 1024 655 πρῶτον
1047 571 1095 646 είς
1112 570 1150 636 τὸ

133 675 341 761 ἀποσχέσθαι
363 673 418 740 καὶ
441 676 636 759 κορασιδίου
659 673 839 761 ἀπέχεσθαι
867 672 923 740 καὶ
945 680 1150 740 πλακουντα-

105 787 219 870 τρίου.
270 777 339 847 εἶτά
365 802 445 846 ποτε
472 777 555 867 ὑπὲρ
585 782 794 865 δοκιμασίας,
826 783 858 846 εί
883 781 963 867 ἀρα,
992 783 1150 864 καθήσεις

132 889 294 974 εὐκαίρως
321 887 420 964 αὐτὸς
447 888 572 953 σαυτὸν
599 882 682 970 ὑπὲρ
709 895 770 953 τοῦ
796 898 941 970 γνῶναι,
971 888 1002 951 εί
1028 887 1150 971 ὁμοίως

132 995 275 1079 ἡττῶσίν
299 1010 335 1058 σε
358 994 397 1057 αλ
415 995 605 1078 φαντασίαι.
642 992 682 1057 τά
705 1003 818 1078 πρῶτα
840 989 878 1057 δὲ
896 1001 998 1078 φεῦγε
1017 993 1147 1078 μακράν
1168 1011 1200 1058 12

134 1100 197 1166 ἀπὸ
212 1111 279 1165 τῶν
294 1099 526 1185 ἰσχυροτέρων.
559 1099 673 1176 ἀνισος
690 1098 711 1181 ἡ
731 1099 817 1185 μάχη
833 1099 1015 1186 κορασιδίφ
1029 1107 1146 1185 κομψῷ

132 1209 215 1292 πρὸς
240 1203 320 1271 νέον
347 1203 533 1290 ἀρχόμενον
557 1209 769 1290 φιλοσοφεῖν·
797 1207 934 1292 χύτρα,
962 1206 1056 1290 φασί,
1083 1201 1148 1268 καὶ

92 1310 252 1393 τοττέτρα
276 1310 321 1376 οὐ
345 1321 558 1396 συμφωνεῖ.

198 1417 295 1483 Μετὰ
316 1419 378 1501 τὴν
401 1413 511 1499 ὄρεξιν
533 1413 589 1480 καὶ
611 1416 672 1500 τὴν
701 1418 847 1482 ἔκκλισιν
871 1407 1026 1503 δεύτερος
1048 1419 1148 1494 τόκος
1168 1433 1200 1480 13

131 1524 149 1590 6
178 1522 253 1609 περὶ
280 1524 341 1607 τὴν
373 1523 479 1609 ὁρμὴν
506 1519 562 1586 καὶ
594 1520 762 1606 ἀφορμήν·
796 1517 888 1604 <ίν’>
916 1522 1074 1607 εὐπειθὴς
1100 1531 1145 1611 τῷ

130 1631 232 1718 λόγῳ,
254 1629 309 1694 ἵνα
332 1629 377 1714 μὴ
399 1629 488 1714 ταρά
511 1629 646 1710 καιρόν,
668 1628 712 1712 μὴ
736 1628 824 1710 καρά
846 1629 967 1711 τόκον,
990 1628 1034 1712 μη
1058 1630 1147 1713 ταρά

130 1736 236 1818 ἀλλην
264 1735 339 1801 τινά
365 1735 523 1817 τοιαύτην
551 1736 764 1818 συμμετρίαν.
809 1736 919 1819 τρίτος
946 1732 964 1798 6
990 1730 1067 1818 τιερλ
1090 1734 1147 1810 τάς
1168 1749 1200 1797 14

89 1861 115 1904 ιε
130 1838 401 1925 συγκαταθέσεις,
431 1840 449 1906 6
472 1841 556 1925 πρὸς
578 1840 618 1904 τά
641 1839 770 1904 τιθανά
792 1836 848 1903 καὶ
872 1835 1055 1904 ἕλκυστικά.
1102 1838 1146 1915 ὡς
1167 1854 1199 1903 15

128 1948 193 2033 μάρ
213 1947 231 2013 6
250 1947 431 2032 Σωκράτης
453 1947 566 2029 έλεγεν
589 1942 853 2023 ἀνεξέταστον
876 1947 966 2029 βίον
989 1946 1038 2030 μὴ
1063 1946 1146 2029 ζῆν,

128 2052 235 2130 οὕτως
257 2050 473 2131 ἀνεξέταστον
497 2053 683 2136 φαντασίαν
705 2051 749 2136 μὴ
773 2049 1031 2137 παραδέχεσθαι,
1062 2049 1146 2115 ἀλλά

127 2157 239 2244 λέγειν
263 2157 418 2243 “έκδεξαι,
441 2159 523 2243 ἀφες
548 2159 608 2222 ἴδω
632 2161 681 2233 τίς
704 2151 736 2222 εί
757 2155 813 2221 καὶ
842 2159 951 2222 τιόθεν
974 2155 1076 2243 ἒρχη’,
1101 2157 1146 2234 ὡς

127 2266 164 2332 oc
183 2266 433 2350 νυκτοφύλακες
457 2261 579 2340 ’δεῖξόν
602 2286 659 2348 μοι
677 2263 717 2327 τά
736 2261 956 2348 συνθήματά.
1001 2265 1084 2349 ἔχεις
1107 2264 1144 2328 τὸ

85 2372 218 2457 νοτιαρά
240 2379 297 2454 τῆς
319 2371 450 2455 φύσεως
472 2369 657 2454 σύμβολον,
689 2367 706 2432 δ
735 2368 789 2432 δεῖ
808 2368 870 2452 τὴν
892 2370 1145 2455 καραδεχθησο-

127 2475 233 2562 μένην
262 2478 349 2562 ἔχειν
375 2479 577 2562 φαντασίαν;
609 2471 665 2538 καὶ
695 2474 814 2539 λοιπὸν
846 2473 907 2538 ὅσα
939 2481 983 2560 τῷ
1017 2475 1144 2557 σώματι
1165 2493 1200 2540 16

126 2583 328 2670 προσάγεται
351 2583 415 2649 ὑπὸ
438 2591 506 2646 τῶν
533 2580 769 2665 χυμναζόνταν
798 2579 896 2662 αὐτό,
923 2577 965 2643 ἀν
992 2576 1054 2663 μέν
1078 2573 1146 2644 ὧδέ

127 2710 194 2754 του
218 2686 301 2774 ρέττη
323 2689 406 2774 πρὸς
431 2685 542 2774 ὄρεξιν
564 2683 619 2752 καὶ
643 2687 807 2770 ἔκκλισιν,
836 2690 886 2767 είη
916 2682 958 2747 ἀν
981 2681 1036 2750 καὶ
1059 2685 1142 2750 αὐτά

127 2794 299 2878 ἀσκητικά
328 2793 371 2859 ἀν
399 2789 436 2857 δὲ
463 2795 545 2879 πρὸς
569 2790 744 2875 έτίδειξιν,
773 2789 833 2868 έξω
856 2792 1049 2867 νενευκότος
1073 2789 1142 2856 ἐστί

127 2939 342 2951 -,,.--

201 3026 235 3078 16
253 3021 289 3079 cf.
307 3036 380 3090 quae
398 3020 462 3075 adn.
482 3020 520 3074 ad
538 3019 559 3088 I,
574 3023 618 3086 26,
634 3023 675 3072 18.

202 3098 233 3146 17
245 3110 285 3160 sq.
306 3090 341 3146 of.
361 3107 434 3160 quae
453 3090 517 3145 adn.
537 3090 575 3144 ad
592 3089 627 3158 Π,
644 3093 685 3156 18,
700 3093 743 3143 24.
843 3127 848 3136 .

199 3168 233 3218 21
245 3180 305 3231 sqq.
326 3162 360 3218 of.
379 3161 466 3217 Enoh.
481 3168 528 3216 47:
548 3159 603 3215 κάν
622 3159 746 3228 ἀσκῆσαί
760 3177 828 3214 ποτε
847 3158 917 3228 πρὸς
935 3158 1024 3212 τόνον
1043 3154 1139 3230 θέλῃς,

128 3239 236 3306 σεαυτῷ
254 3234 304 3288 καλ
322 3233 360 3304 μὴ
379 3239 437 3297 τοῖς
456 3231 516 3299 ἔξω.

201 3416 233 3464 11
252 3407 378 3474 τίνοςά1
401 3411 459 3478 (sed
478 3407 546 3471 ότος
564 3426 582 3464 α
600 3425 634 3462 m.
653 3424 705 3464 τοι.
723 3409 756 3462 ίκ
773 3410 856 3475 ras),
882 3405 1015 3475 τρίτοςι
1054 3407 1064 3474 Ι]
1106 3411 1139 3460 12

126 3479 212 3555 (ἀν’)
229 3485 282 3538 ins.
302 3480 482 3553 Shaftesbwy
517 3483 526 3551 ΙΙ
563 3480 697 3550 simum
718 3478 745 3534 G.
761 3478 875 3535 Schenkl
914 3480 924 3546 ΙΙ
966 3482 999 3530 14
1017 3475 1141 3545 ἀσυμμε-

126 3554 208 3623 τρίαν
227 3552 260 3609 S:
278 3569 346 3609 οοκν.
367 3551 452 3608 Semo.
483 3554 493 3620 ΙΙ
524 3557 559 3606 24
578 3551 709 3612 νενευκός
728 3544 786 3604 ἐστι
804 3549 837 3607 S:
855 3565 924 3605 corr.
949 3547 1030 3614 Wolf

180 3652 200 3690 Ε
201 3659 325 3691 εεεεεεεεε
945 3641 977 3690 16
