2650 3930
185 175 250 239 198
326 175 510 227 ΑΡΡΙΑΝΟΤ
528 173 603 226 ΤΩΝ
622 175 840 226 ΕΠῙΚΤΗΤΟΤ
857 174 1054 229 ΔΙΑΤΡΙΒΩΝ

184 335 271 420 λέγω
294 339 377 422 πρός
399 359 502 419 τινας,
525 338 657 402 οίονταί
676 359 716 420 με
739 336 956 420 καταβάλλειν
977 338 1038 420 τὴν
1062 334 1139 423 περὶ
1164 337 1204 403 τὸ

184 441 294 525 λέγειν
326 440 513 526 ἐπιμέλειαν
545 443 566 526 ἢ
598 444 660 527 τὴν
692 440 767 527 περὶ
799 443 839 507 τά
871 444 1079 529 θεωρήματα.
1135 443 1204 526 ἐγὼ

185 545 215 614 θ’
243 549 284 614 οὐ
306 550 431 633 ταύτην
453 549 659 634 καταβάλλω,
690 547 773 614 ἀλλά
795 551 833 614 τὸ
860 547 936 636 περὶ
964 547 1053 617 ταῦτ’
1082 549 1206 615 ἀκατα-

185 661 345 740 ληκτικῶς
371 657 459 742 ἔχειν
486 653 541 720 καὶ
569 654 716 721 ἐνταῦθα
743 659 900 720 τίθεσθαι
930 657 987 732 τὰς
1014 655 1127 721 αὑτῶν
1150 653 1206 720 ἐλ-

130 779 145 827 ι
185 763 293 839 πίθος.
340 768 373 827 εί
387 785 436 839 τις
454 770 551 828 τοῦτο
569 762 729 847 παριστὰς
747 761 884 845 βλάπτει
907 765 984 839 τοὺς
1007 761 1205 845 ἀκούοντας,
1233 783 1246 824 ι

185 864 268 954 κάμὲ
295 871 433 934 τίθεσθε
462 868 521 934 ἕνα
553 880 619 934 τῶν
647 870 870 952 βλαπτόντων.
922 868 962 933 οὐ
991 869 1137 952 δύναμαι
1169 865 1199 932 θ’

186 976 267 1041 άλλο
291 973 422 1060 βλέπων
441 977 478 1041 τὸ
497 977 672 1061 κράτιστον
690 972 745 1040 καὶ
764 976 801 1041 τὸ
820 976 1026 1060 κυριώτιιτον
1048 975 1130 1039 άλλο
1150 971 1206 1039 λέ-

186 1105 259 1165 μειν
283 1076 381 1166 εἶναι,
403 1078 447 1148 ἵν’
474 1081 556 1166 ὑμῖν
577 1085 772 1167 χαρίσωμαι.

187 1399 251 1466 κδ’.
288 1403 394 1485 Πρός
420 1424 509 1466 τινα
536 1411 612 1466 τῶν
636 1399 704 1466 οὐκ
731 1399 959 1485 ἠξιωμένων
982 1397 1044 1467 ὑπ’
1070 1399 1203 1465 αὐτοῦ.

154 1560 168 1606 1
256 1544 419 1620 Εἰπόντος
447 1541 535 1632 αὐτῷ
558 1568 649 1621 τινος
672 1544 721 1609 ὅτι
746 1543 917 1620 Πολλάκις
941 1541 1116 1626 ἐπιθυμῶν
1140 1557 1203 1607 σου
1219 1565 1243 1603 ιο

189 1646 328 1713 ἀκοῦσαι
351 1643 461 1731 ἦλθον
483 1651 566 1734 πρός
594 1665 629 1713 σε
665 1645 720 1713 καὶ
748 1645 912 1713 οὐδέποτέ
935 1671 992 1730 μοι
1022 1646 1204 1733 ἀπεκρίνω·

154 1773 170 1821 2
189 1752 244 1820 καὶ
267 1763 342 1838 νῦν,
365 1756 397 1818 εί
419 1755 576 1838 δυνατόν,
598 1759 776 1839 παρακαλῶ
801 1770 837 1819 σε
861 1755 967 1818 εἰπεῖν
989 1757 1025 1818 τί
1044 1778 1112 1838 μοι,
1136 1758 1205 1820 Δο-

189 1873 242 1926 κεί
263 1880 334 1944 σοι,
362 1863 440 1945 ἐφη,
467 1861 618 1947 καθάπερ
647 1862 751 1927 άλλου
774 1863 864 1937 τινὸς
887 1856 973 1926 εἶναι
995 1858 1092 1944 τέχνη
1116 1861 1205 1926 οὕτω

191 1963 229 2031 δὲ
255 1965 310 2030 καὶ
338 1975 397 2031 τοῦ
427 1965 553 2050 λέγειν,
581 1967 624 2049 ἣν
652 1967 669 2033 ὁ
697 1963 759 2051 μὲν
787 1970 872 2053 ἔχων
900 1967 1062 2052 ἐμπείρως
1084 1966 1161 2052 ἐρεῖ,
1187 1967 1204 2033 ὁ
1307 1983 1308 2048 3

156 2091 172 2138 3
192 2067 229 2136 δέ
253 2073 296 2156 μὴ
321 2074 406 2157 ἔχων
428 2071 585 2155 άπείρωςς
611 2111 648 2120 -
670 2078 782 2140 Δοκεί.
798 2103 842 2121 ·-
865 2074 1000 2140 Οὐκοῦν
1023 2074 1041 2141 ὁ
1065 2069 1126 2158 μέν
1150 2073 1206 2137 διὰ
1219 2093 1244 2133 15
1307 2063 1308 2068 ’

191 2187 252 2243 τοῦ
276 2176 384 2262 λέγειν
408 2179 506 2256 αὐτός
532 2203 566 2244 τε
595 2180 826 2266 ὠφελούμενος
855 2178 910 2245 καὶ
934 2182 1055 2257 άλλους
1078 2171 1149 2256 οἷός
1171 2203 1205 2245 τε

193 2285 240 2350 ὠν
264 2285 406 2369 ὠφελεῖν
434 2281 531 2364 οὗτος
558 2285 719 2373 ἐμπείρως
747 2288 789 2354 ὠν
817 2286 923 2372 λέγοι,
952 2288 970 2355 ὁ
999 2283 1036 2352 δέ
1065 2289 1206 2372 βλαπτό-

192 2415 292 2478 μενος
319 2397 446 2477 μᾶλλον
469 2392 524 2458 καί
551 2394 707 2479 βλάπτων
730 2390 828 2472 οὗτος
851 2395 986 2481 άπειρος
1010 2392 1052 2458 άν
1076 2399 1125 2477 είη
1150 2402 1207 2477 τῆς

192 2498 310 2586 τέχνης
338 2500 458 2583 ταύτης
487 2509 545 2584 τῆς
574 2510 634 2566 τοῦ
664 2499 789 2585 λέγεινς
824 2501 935 2587 εὕροις
965 2499 1007 2566 άν
1036 2502 1116 2577 τοὺς
1145 2495 1205 2582 μὲν

157 2623 174 2671 4
193 2595 454 2690 βλαπτομένους,
472 2609 551 2684 τοὺς
570 2605 601 2671 δ’
624 2606 887 2693 ὠφελουμένους.
924 2609 959 2673 οί
978 2604 1008 2672 δ’
1030 2606 1207 2683 ἀκούοντες
1220 2626 1244 2666 ιο
1307 2655 1308 2662 1

193 2711 314 2790 πάντες
341 2712 547 2797 ὠφελοῦνται
579 2711 635 2800 ἀφ’
668 2708 715 2780 ὧν
743 2714 923 2781 ἀκούουσιν
951 2713 970 2798 ἢ
998 2710 1053 2778 καὶ
1080 2713 1207 2778 τούτων
1307 2749 1308 2754 1

195 2817 306 2903 εὕροις
335 2818 377 2884 άν
404 2823 482 2897 τοὺς
505 2817 566 2905 μὲν
590 2820 843 2906 ὠφελουμένους
866 2822 943 2896 τοὺς
966 2815 1003 2883 δὲ
1026 2815 1207 2903 βλαπτομέ-

195 2948 289 3002 νους;
316 2962 361 2972 -
389 2924 455 2990 Καὶ
483 2929 627 3013 τούτων,
654 2929 726 3013 ἔφη.
753 2965 790 2974 -
817 2927 951 2993 Οὐκοῦν
979 2923 1034 2990 καὶ
1062 2923 1207 2990 ἐνταῦθα
1247 2935 1249 2940 ’

197 3031 270 3096 ὅσοι
289 3028 350 3116 μὲν
369 3031 530 3118 ἐμπείρως
548 3033 729 3100 ἀκούουσιν
744 3036 962 3120 ὠφελοῦνται,
980 3032 1055 3098 ὅσοι
1070 3029 1099 3096 δ’
1119 3030 1207 3096 άπεί-
1307 3043 1308 3058 ’

162 3155 264 3222 ερως
286 3138 500 3223 βλάπτοντας
527 3177 564 3186 -
585 3139 769 3225 Ὡμολόμει.
793 3179 835 3188 —-
850 3140 965 3206 Ἔστιν
989 3140 1053 3225 άρα
1082 3162 1132 3214 τις
1154 3136 1206 3221 ἐμ·
1220 3155 1244 3196 25

198 3265 411 3272 ———-.———--

271 3337 286 3383 3
309 3339 398 3385 ταῦτα
421 3335 627 3400 καταίηκῑικῶς
650 3333 683 3390 S:
706 3351 775 3390 οονν.
804 3336 867 3404 Upt.
890 3333 965 3398 θοάς
991 3339 1081 3386 ταῦτα
1104 3329 1209 3383 ἀκατα-

199 3397 307 3464 λήπτως
330 3401 400 3470 Πμί,
419 3421 442 3455 τ.
462 3407 690 3472 καταπληκτικῶς
708 3405 861 3460 Salmasius
891 3407 901 3472 ΙΙ
932 3403 1060 3457 λαώτῶν
1084 3400 1119 3456 S:
1142 3417 1207 3456 corr.

201 3469 299 3524 (ἐνίαυε
339 3475 348 3540 ΙΙ
389 3471 494 3541 θάπὲρ
514 3473 546 3528 S:
564 3491 666 3531 corm
705 3479 715 3545 ΙΙ
758 3481 791 3529 14
809 3475 844 3545 δὴ
864 3475 947 3530 Schw.
980 3476 990 3543 ΙΙ
1023 3476 1056 3526 15
1076 3466 1209 3542 ἐμπείρως

200 3541 234 3594 S:
253 3557 321 3597 εονν,
342 3543 372 3603 ῶς
401 3545 410 3612 ΙΙ
441 3543 565 3617 22<6'>
585 3543 621 3599 ῶν
640 3547 672 3607 Β,
926 3565 930 3573 ,
