2636 3922
147 223 191 276 (Π,
206 223 227 274 1,
242 217 305 270 ι-ε)
442 208 596 261 BIBAION
614 207 814 263 AETTEPON.
839 203 879 261 α’.
1099 206 1161 271 101

217 366 273 453 ιγ’.
318 367 404 455 Περὶ
426 378 486 436 τοῦ
510 369 666 453 ἀγωνιῶν.

217 473 275 540 ιδ’.
316 477 410 561 Πρὸς
431 476 590 542 Νάσωνα.

217 579 269 646 ιε’.
314 585 407 667 Πρὸς
432 585 511 660 τοὺς
539 587 689 668 σκληρῶς
714 599 803 647 τισιν
832 575 879 646 ὧν
909 583 1044 668 ἔκριναν
1067 579 1163 666 ἐμμέ-

316 711 442 765 νοντας.

217 791 273 862 ις’.
305 791 377 858 Ὀτι
401 792 441 858 οὐ
465 797 651 877 μελετῶμεν
674 798 820 879 χρῆσθαι
842 803 912 870 τοῖς
930 795 1006 878 περὶ
1024 791 1165 876 ἀγαθῶν

314 897 370 965 καὶ
391 909 503 964 κακῶν
525 899 698 983 δόγμασιν.
1019 946 1023 951 -

217 1003 270 1084 ιζ’.
314 1009 394 1082 Πῶς
417 1003 642 1091 ἐφαρμοστέον
664 1005 723 1082 τάς
745 1006 927 1090 προλήψεις
943 1015 1014 1081 τοῖς
1033 1004 1086 1070 έπὶ
1108 1002 1164 1088 με’-

316 1133 404 1195 ρους.

218 1215 275 1303 ιη’.
313 1222 392 1295 Πῶς
414 1215 618 1301 ἀγωνιστέον
639 1220 723 1303 πρὸς
745 1219 803 1295 τάς
825 1221 1016 1302 φαντασίας.

220 1321 281 1388 ιβ’.
314 1324 408 1409 Πρὸς
420 1327 498 1401 τοὺς
512 1322 607 1410 μέχρι
625 1326 727 1406 λόγον
746 1326 852 1407 μόνον
870 1322 1165 1408 ἀναλαμβάνοντας

315 1430 355 1495 τά
377 1440 445 1496 τῶν
467 1431 673 1515 φιλοσόφων.

190 1606 193 1611 ,
217 1533 260 1601 κ’.
312 1536 406 1620 Πρὸς
424 1532 669 1619 Ἐπικουρείους
691 1531 747 1599 καί
766 1527 1034 1620 Ἀκαδημαϊκούς.

217 1637 281 1706 ια’.
314 1637 400 1725 Περὶ
422 1639 652 1724 ἀνομολογίας.

217 1743 284 1831 νβ’.
313 1744 400 1832 Περὶ
422 1749 545 1832 φιλίας.

217 1849 282 1936 κγ’.
313 1849 399 1938 Περὶ
421 1859 479 1935 τῆς
500 1860 561 1916 τοῦ
584 1849 693 1934 λέγειν
717 1851 898 1935 δυνάμεως.

218 1956 283 2024 κδ’.
318 1959 411 2044 Πρὸς
433 1981 507 2022 τινα
529 1966 596 2022 τῶν
620 1957 682 2022 οὐκ
703 1955 898 2041 ἠξιωμένων
921 1955 977 2024 ὑπ’
1006 1957 1119 2024 αὐτοῦ.
1182 2003 1186 2012 ·

218 2063 277 2130 κε’.
318 2068 399 2141 Πῶς
421 2061 584 2146 ἀναγκαία
606 2063 646 2126 τά
668 2063 794 2145 λογικά.

219 2167 283 2239 κς’.
322 2174 366 2235 Τί
384 2172 421 2236 τὸ
446 2171 534 2235 ἴδιον
557 2168 661 2253 <τοῦ>
685 2167 924 2254 ἁμαρτήματος.

551 2435 765 2443 —.-.-—-—-—-.

150 2647 194 2711 α’.
222 2643 304 2711 ’Ότι
328 2645 373 2712 οὐ
397 2645 560 2732 μάχεται
579 2647 620 2710 τὸ
638 2651 808 2732 θαρρεῖν
825 2652 875 2733 τῷ
894 2644 1163 2729 εὐλαβεῖσθαι.

107 2829 136 2870 ιο
218 2804 419 2890 Παροίάοξον
438 2801 499 2890 μὲν
517 2807 619 2890 τυχὸν
637 2806 793 2890 φαίνεταί
806 2819 894 2870 τισιν
910 2805 947 2870 τὸ
966 2803 1165 2891 ἀξιούμενον
1184 2823 1198 2870 1

149 2912 216 2978 ὑπὸ
235 2922 302 2978 τῶν
317 2914 525 2997 φιλοσόφων,
544 2911 631 2996 ὅμως
650 2907 687 2976 ἀὲ
706 2911 905 2995 σκεψώμεθα
922 2913 1005 2977 κατὰ
1018 2913 1164 2998 δύναμιν

150 3020 183 3083 εί
200 3017 324 3102 ἀληθές
342 3016 411 3084 ἐστι
429 3019 518 3101 τόδε,
541 3013 585 3082 ἵν’
609 3010 684 3103 (fi)
704 3018 780 3102 ἅμα
803 3013 873 3102 μὲν
896 3017 1070 3102 εὐλαβῶς
1088 3020 1164 3102 ἅμα

150 3121 193 3190 δέ
215 3124 472 3210 θαρρούντως
494 3123 621 3189 πάντα
642 3133 783 3189 ποιεῖν.
829 3122 982 3190 ἐναντίον
1009 3125 1072 3211 γάρ
1094 3141 1197 3202 πωςε

150 3233 246 3297 δοκεῖ
261 3239 307 3318 τῷ
325 3227 502 3321 θαρραλέῳ
521 3231 559 3296 τὸ
577 3228 726 3314 εὐλαβές,
746 3230 787 3295 τὰ
805 3227 835 3296 θ’
860 3229 993 3296 ἐναντία
1012 3229 1164 3316 οὐθαμῶς

149 3357 364 3366 --ι--ι--ι

221 3419 388 3476 θνάσσωνα
407 3421 440 3477 S:
462 3438 564 3477 εοεαε
598 3424 609 3491 ΙΙ
644 3427 751 3475 θτισιν
769 3437 796 3475 3:
818 3428 903 3475 τινῶν
922 3421 944 3476 S
965 3426 1009 3490 (νί
1030 3423 1110 3488 infra
1132 3424 1164 3477 ιἰι

148 3498 239 3562 οιτον)
268 3494 279 3562 ΙΙ
312 3498 345 3548 10
363 3491 465 3563 λόγων·
483 3493 752 3562 τοικιλιοίαῖίγι.
784 3495 794 3561 u
826 3496 859 3546 18
873 3490 1162 3564 (mmmmm.

149 3563 234 3620 Schw.
266 3567 277 3633 Ι
308 3569 342 3618 22
356 3555 416 3637 (ᾖ)
433 3565 486 3619 ι’κο.
505 3563 553 3632 805
571 3579 609 3618 οτι
626 3560 688 3617 τίδ’
710 3560 784 3617 εἶναι
803 3560 878 3631 ἀμαθ
