2626 3924
200 199 266 265 368
343 201 527 255 APPIANOT
544 199 620 253 ΤΩΝ
637 199 856 253 ΕΠΙΚΤΗΤΟΤ
873 199 1071 252 ΔΙΑΤΡΙΒΩΝ

201 359 238 428 δὲ
260 359 316 426 καλ
338 360 535 440 ἀποδείξεως
558 358 670 438 οὐδεὶς
692 361 832 426 δύναται
855 367 990 445 μαθεῑν,
1019 360 1071 425 ὅτι
1096 361 1114 426 ὁ
1140 362 1220 436 θεὸς

199 467 307 533 πάντα
338 470 517 553 πεποίηκεν
551 468 593 532 τὰ
630 465 667 532 ἐν
702 476 747 555 τῷ
780 463 893 555 κόσμῳ
930 463 986 531 καὶ
1022 465 1127 531 αὐτὸν
1162 468 1219 531 τὸν

200 575 327 657 κόσμον
351 572 431 638 ὅλου
453 568 516 656 μὲν
539 571 710 638 ἀκώλυτον
731 569 787 637 καὶ
809 572 980 654 αὐτοτελῆ,
1003 572 1043 636 τά
1065 570 1105 637 έν
1125 569 1220 658 μέρει

164 676 232 748 ἰδ’
260 679 363 745 αὐτοῦ
392 681 475 767 πρὸς
504 681 620 764 χρείαν
649 689 716 744 τῶν
746 679 849 757 ὅλους
883 679 923 743 τά
952 673 1014 762 μὲν
1042 671 1106 742 οὖν
1134 679 1220 742 α”λλα

199 785 307 852 πάντα
339 784 541 869 ἀπήλλακται
573 795 633 851 τοῦ
671 785 838 850 δύνασθαι
874 789 1148 870 παρακολουθεῖν
1181 791 1251 868 τηι

200 893 363 977 διοικήσει
382 893 498 958 αὐτοῦ·
518 894 555 958 τὸ
575 888 612 957 δὲ
631 894 767 975 λογικὸν
787 894 870 979 ζῷον
884 890 1036 976 ἀφορμὰς
1049 893 1117 977 ἔχει
1135 892 1220 976 πρὸς

201 998 427 1082 ἀναλογισμὸν
448 1000 576 1065 τούτων
604 997 774 1082 ἁπάντων,
803 998 853 1063 ὅτι
880 1021 915 1064 τε
942 996 1042 1083 μέρος
1069 993 1140 1061 ἐστὶ
1165 993 1220 1061 καὶ

201 1109 299 1171 ποῖόν
322 1128 353 1169 τι
376 1101 552 1189 μέροςκαὶ
575 1104 625 1168 ὅτι
648 1105 688 1169 τὰ
711 1102 793 1189 μέρη
819 1113 888 1179 τοῖς
911 1105 1002 1181 ὅλοις
1024 1109 1127 1169 εἴκειν
1153 1104 1220 1188 ἔχει

162 1215 316 1286 εκαλῶς.
361 1211 444 1293 πρὸς
470 1211 600 1287 τούτοις
629 1207 665 1274 δὲ
693 1211 792 1296 φύσει
819 1220 977 1294 γενναῖον
999 1206 1054 1275 καὶ
1077 1211 1219 1294 μεγαλό-

200 1325 311 1400 ψυχον
333 1311 388 1379 καὶ
417 1313 599 1402 ἐλεύθερον
621 1318 803 1400 γενόμενον
827 1316 906 1404 δρᾷ,
936 1318 1022 1382 διότι
1049 1325 1118 1381 τῶν
1141 1311 1220 1400 περὶ
1233 1338 1255 1375 ιο

199 1420 282 1486 αύτὸ
310 1421 349 1485 τὰ
378 1418 439 1505 μὲν
467 1421 617 1488 ἀκώλυτα
646 1425 712 1508 ἔχει
734 1424 790 1488 καί
813 1418 864 1488 ἐπ’
890 1422 997 1511 αύτῷ,
1025 1422 1066 1487 τά
1094 1418 1132 1486 δὲ
1156 1444 1220 1486 κω-

201 1527 283 1593 λυτδι
315 1525 370 1592 καὶ
403 1525 452 1593 ἐπ’
486 1529 610 1604 ἀλλοις·
644 1527 796 1594 ἀκώλυτα
829 1525 890 1613 μὲν
922 1529 962 1593 τὰ
992 1527 1219 1613 προαιρετικά,

162 1635 332 1701 σκωλυτδι
351 1630 388 1699 δὲ
406 1634 446 1698 τά
468 1633 675 1719 ἀπροαίρετα.
720 1633 776 1700 καὶ
799 1636 855 1700 διά
878 1643 988 1717 τοῦτο,
1012 1633 1070 1700 ἐὰν
1094 1629 1159 1717 μὲν
1183 1632 1219 1698 ἐν

201 1741 331 1818 τούτοις
353 1744 469 1824 μόνοις
490 1740 651 1825 ηγησηται
670 1743 708 1807 τὸ
727 1739 858 1824 ἀγαθὸν
876 1742 913 1807 τὸ
932 1738 1035 1805 αὑτοῦ
1056 1736 1113 1804 καὶ
1135 1755 1220 1824 συμ-

201 1844 316 1932 φέρον,
339 1857 409 1922 τοϊς
427 1845 610 1923 ἀκωλύτοις
628 1844 684 1911 καὶ
701 1843 755 1930 ἐφ’
777 1844 895 1935 ἑαυτῷ,
913 1844 1094 1932 ἐλεύθερον
1114 1847 1220 1929 ἔσται,
1233 1863 1255 1905 ιι

201 1952 336 2036 εύρουν,
355 1951 527 2034 εύδαιμον,
546 1949 698 2036 ἀβλαβές,
716 1955 939 2038 μεγαλόφρον,
956 1949 1100 2036 εύσεβές,
1119 1953 1219 2039 χάριν

202 2057 280 2139 ἔχον
303 2050 386 2139 ὑπὲρ
409 2056 544 2120 πάντων
566 2066 611 2144 τῷ
634 2064 716 2146 θεῷ,
742 2060 896 2144 μηδαμοῦ
919 2058 1134 2143 μεμφόμενον
1158 2082 1220 2142 μη-

149 2179 183 2229 10
203 2157 276 2226 δενὶ
298 2171 365 2225 τῶν
387 2159 593 2246 γευομένων,
616 2161 735 2247 μηδενὶ
758 2163 933 2247 έγκαλοῦν·
964 2162 1005 2228 ἀν
1029 2160 1060 2228 δ’
1086 2162 1124 2228 έν
1147 2171 1221 2240 τοῖς

203 2265 296 2344 ἐκτὸς
317 2265 373 2332 καλ
396 2267 641 2356 ἀπροαιρέτοις,
669 2268 795 2353 ἀνάγκη
823 2271 1014 2336 κωλύεσθαι
1036 2269 1133 2353 αὐτό,
1163 2267 1220 2353 έμ-

201 2374 412 2458 ποδίζεσθαι,
440 2375 613 2460 δουλεύειν
640 2386 708 2451 τοϊς
731 2372 867 2441 ἐκείνων
891 2377 1025 2460 ἔχουσιν
1049 2372 1218 2459 ἐξουσίαν,
1232 2396 1257 2435 εο

149 2479 224 2548 11δ
252 2482 461 2566 τεθαύμακεν
489 2478 544 2546 καὶ
571 2485 737 2566 φοβεῖται,
766 2479 891 2566 ἀνάγκη
920 2479 950 2546 δ’
982 2477 1098 2565 ἀσεβὲς
1129 2475 1220 2547 εἶναι

203 2587 258 2650 άτε
285 2588 491 2670 βλάπτεσθαι
519 2590 675 2672 οίόμενον
704 2587 768 2653 ὑπὸ
796 2597 856 2654 τοῦ
883 2594 967 2653 θεοῦ
999 2584 1055 2652 καὶ
1085 2587 1221 2672 ἀνισον,

203 2689 254 2756 ἀεὶ
278 2692 366 2781 αὑτςό
395 2703 455 2760 τοῦ
478 2698 631 2771 πλείονος
657 2697 920 2781 περιποιητικόυ,
950 2692 1076 2778 ἀνάγκη
1100 2687 1137 2756 δὲ
1162 2692 1221 2758 καὶ

203 2801 359 2865 ταπεινὸν
382 2795 545 2865 εἶναικαὶ
570 2797 797 2887 μικροπρεπές.

149 2921 183 2970 12
274 2908 384 2968 Ταῦτα
411 2908 447 2970 τί
470 2907 592 2971 κωλύει
621 2907 823 2991 διαλαβόντα
847 2909 904 2990 ζῆν
927 2906 1061 2990 κούφως
1083 2900 1137 2970 καὶ
1162 2905 1219 2970 εύ-
1233 2921 1259 2963 2⁵

203 3010 317 3091 ηνίως,
334 3008 442 3074 πάντα
455 3010 539 3095 <τά>
553 3014 749 3095 συμβαίνειν
768 3011 938 3094 δυνάμενα
958 3009 1071 3098 πρᾴως
1085 3010 1219 3096 ἐκδεχό-

162 3163 164 3168 ’
291 3152 308 3201 8
328 3149 357 3202 et
376 3153 458 3216 17sq.
479 3149 514 3201 cf.
533 3148 621 3203 Ench.
636 3154 678 3217 81,
691 3155 719 3205 1:
739 3151 825 3204 εἴκειν
844 3157 913 3203 πᾶσι
931 3156 989 3212 τοῖς
1007 3147 1175 3219 γινομένοις.

274 3223 308 3271 23
327 3218 363 3272 cf.
382 3219 468 3272 Ench.
488 3224 531 3287 31,
546 3226 571 3276 3.

276 3347 308 3391 14
328 3345 414 3392 αυτοῦ
433 3340 587 3396 &coms
618 3345 627 3412 ΙΙ
660 3346 692 3395 15
713 3340 790 3396 ἔσται
809 3341 864 3412 (33)
884 3343 921 3410 8,·
940 3345 987 3400 sed
1000 3347 1082 3415 γυίον
1095 3361 1167 3416 μακε
1187 3347 1220 3401 in
1293 3375 1294 3404 τ

199 3424 257 3461 νοτ.
299 3409 309 3474 [Ι
352 3413 385 3461 18
401 3415 464 3476 γοοδ
485 3418 541 3463 τῶν
565 3412 595 3470 Se
619 3413 672 3480 (vel
690 3414 731 3480 S»)
755 3414 818 3468 add.
845 3410 892 3480 ἐφ’
914 3409 1016 3482 ἕαυτῶ,
1040 3417 1113 3471 wude
1132 3415 1219 3472 Semo.
1293 3417 1294 3450 ³

203 3475 297 3602 <0⁴5th
316 3470 364 3545 ἐφ’
386 3471 476 3549 ἑαυτῷ
495 3482 565 3534 τουτ’.
608 3484 617 3550 ΙΙ
658 3482 745 3550 μηδὲν
769 3483 802 3537 S:
821 3501 889 3539 οοτν.
909 3485 994 3540 δαίνυ.
1035 3488 1045 3555 ΙΙ
1086 3492 1119 3540 23
1139 3485 1222 3559 (ὡς)

201 3544 248 3598 ἀεὶ
286 3575 297 3605 0
327 3548 337 3614 fl
368 3549 454 3602 αύτῶι
472 3548 504 3604 S:
522 3565 623 3606 eorm
653 3553 663 3618 ΙΙ
694 3558 728 3607 26
747 3551 825 3626 (τὰ)
842 3554 906 3611 add.
926 3554 956 3616 S»
