2636 3930
108 155 110 160 ’
179 184 243 246 242
323 183 505 235 APPIANOT
524 182 598 235 ΤΩΝ
616 181 835 234 υωκυεεεου
852 181 1047 233 Διευειεαει

178 343 233 410 καὶ
265 345 346 409 άλλο
374 366 406 407 τι
433 339 634 428 θηρωμένου
665 339 721 406 καὶ
752 343 875 419 θεατάς
908 343 1083 425 ζητοῦντος
1113 343 1196 418 τοὺς

127 469 159 518 17
180 450 339 534 ἐροῦντας
365 443 404 513 ’ὦ
432 448 577 532 μεγάλου
611 446 816 534 άνθρῶπού.
867 449 923 513 διά
955 455 1054 513 τοῦτο
1084 451 1196 523 καλῶς
1304 533 1305 536 ¹

180 557 198 622 6
218 552 439 631 Ἀπολλώνιος
458 556 570 637 ἔλεγεν
589 553 640 619 ὅτι
660 553 769 619 “ὃ’ταν
787 551 908 640 θέλης
927 563 1053 641 σαυτῷ
1073 551 1195 636 ἀσκῆ-

180 677 261 745 σαι,
285 662 413 738 διψῶν
435 659 528 726 ποτε
551 661 757 746 καύματος,
776 658 1194 745 ἐφίλκυσαι·βρόγχον

180 777 335 854 ψυχροῦ
358 765 422 832 καὶ
447 769 640 832 ε”κπτυσον
663 765 726 830 καλ
751 762 892 851 μηδενὶ
915 763 1050 850 είπης’.

333 1103 389 1185 ιγ’.
431 1105 478 1165 Τί
499 1100 641 1184 ἐρημία
664 1098 728 1164 καὶ
751 1111 863 1176 ποῖος
886 1101 1036 1185 ἔρημος.

148 1265 161 1312 1
243 1240 382 1326 Ἐρημία
407 1239 475 1306 ἐστὶ
498 1241 692 1318 κατάστασίς
714 1264 764 1318 τις
782 1240 984 1326 άβοηθητου.
1030 1240 1153 1323 οὐγὰρ
1176 1239 1195 1304 6

181 1350 283 1434 μόνος
307 1349 354 1412 διν
378 1347 483 1425 εὐθὺς
504 1344 559 1411 καὶ
584 1349 714 1433 ἔρημος,
738 1347 847 1433 ὥσπερ
870 1344 943 1413 οὐδ’
966 1347 984 1413 6
1005 1345 1041 1412 ἐν
1059 1350 1197 1421 πολλοῖς
1307 1359 1308 1368 ’

146 1455 230 1525 τῶν
254 1454 315 1520 οὐκ
339 1456 467 1540 ἔρημος.
513 1453 592 1518 ὅταν
614 1461 700 1537 γοῦν
723 1451 935 1538 ἀπολέσωμεν
958 1452 979 1536 ἣ
1002 1450 1196 1537 άδελφὸνῆ

180 1561 258 1627 υίὸν
285 1559 305 1644 ίη
334 1563 451 1645 φίλον,
480 1551 505 1647 ᾧ
533 1561 877 1650 προσαναπαυόμεθα,
908 1557 1049 1643 λέγομεν
1076 1556 1196 1623 άπολε-
1212 1588 1239 1626 ιο

182 1672 318 1752 λεϊφθαι
347 1668 479 1752 ἔρημοι,
515 1666 673 1742 πολλάκις
702 1663 738 1730 ἐν
762 1663 866 1752 Ῥώμη
895 1667 1003 1748 ὄντες,
1034 1663 1197 1730 τοσούτου

182 1776 283 1860 ὄχλου
310 1772 390 1856 ἡμίν
418 1771 629 1847 ἀπαντῶντος
656 1768 711 1835 καὶ
738 1771 907 1836 τοσούτων
935 1771 1198 1855 συνοικούντων,

148 1904 163 1951 3
183 1876 256 1945 ἐσθ’
280 1880 333 1943 ὅτε
352 1883 482 1962 πλῆθος
505 1879 636 1943 δούλων
660 1880 797 1963 ἔχοντες.
842 1875 936 1942 θέλει
957 1877 1020 1963 γάρ
1040 1877 1058 1943 6
1077 1878 1199 1963 ἔρημος
1310 1956 1311 1968 ¹

182 1985 264 2049 κατὰ
288 1984 348 2067 την
373 1985 507 2048 ἔννοιαν
530 1981 718 2066 άβοήθητύς
740 2007 789 2060 τις
819 1979 905 2048 είναι
932 1981 988 2047 καὶ
1012 1981 1199 2066 ἐκκείμενος
1309 1973 1311 2060 ἶ

183 2099 252 2165 τοῖς
270 2090 430 2172 βλάπτειν
448 2085 672 2173 βουλομένοις.
710 2090 766 2154 διδι
784 2075 893 2173 τοῦτο,
917 2090 997 2154 ὅταν
1016 2088 1199 2174 δδεύωμεν,
1215 2117 1240 2156 15

183 2198 256 2261 τότε
280 2195 420 2280 μάλιστα
444 2193 587 2280 ἐρήμους
613 2193 754 2280 λέγομεν
783 2193 937 2279 ἑαυτούς,
964 2195 1044 2260 ὅταν
1071 2197 1118 2272 είς
1141 2199 1199 2281 λη-

185 2302 262 2378 στάς
291 2299 490 2388 ἐμπέσωμεν.
542 2300 582 2365 οὐ
617 2303 680 2387 γάρ
709 2300 891 2387 ἀνθρώπου
919 2303 995 2380 ὄψις
1023 2300 1199 2387 ἐξαιρεῖται

186 2408 338 2495 ἐρημίας,
370 2407 454 2473 ἀλλά
481 2416 601 2473 πιστοῦ
631 2405 687 2471 καὶ
719 2409 901 2492 αίδημονος
931 2404 986 2498 καὶ
1019 2406 1199 2491 ὠφελίμου.

150 2513 256 2585 4ἐπεὶ
284 2517 315 2580 εί
340 2517 378 2581 τὸ
405 2516 511 2600 μόνον
538 2509 624 2578 εἶναι
654 2513 749 2600 άρκεί
774 2516 856 2600 πρὸς
883 2516 920 2580 τὸ
949 2516 1072 2600 ἔρημον
1100 2508 1199 2597 εἶναι,

175 2609 260 2705 ’λέγε
285 2621 335 2685 ὅτι
357 2619 412 2702 καὶ
436 2621 454 2686 6
479 2622 564 2696 Ζεὺς
588 2619 624 2685 ε’-ν
647 2629 686 2706 τῇ
712 2619 894 2704 ἐκπυρώσει
917 2622 1038 2707 ἔρημός
1056 2619 1125 2684 ε’στι
1144 2617 1200 2684 καὶ
1215 2645 1242 2684 ει

185 2729 373 2792 κατακλαίει
391 2727 495 2802 αὐτὸς
519 2723 652 2793 ἑαυτοῦ·
677 2727 787 2805 ρτάλας
812 2726 886 2812 ἐγώ,
911 2728 986 2792 ούτε
1009 2726 1070 2809 την
1085 2724 1196 2810 Ἥραν

187 2835 250 2919 ἐχω
274 2833 350 2897 οὔτε
373 2833 434 2917 τὴν
454 2828 601 2916 Ἀθηνᾶν
625 2834 700 2898 ούτε
724 2835 782 2899 τὸν
802 2830 992 2899 Ἀπόλλωνα
1014 2834 1090 2898 οὔτε
1114 2833 1200 2908 ὅλως

259 3029 345 3091 2sqq.
370 3023 404 3076 cf,
428 3022 515 3077 Ench.
535 3030 583 3078 47:
607 3026 700 3092 διψῶν
723 3042 791 3078 ποτε
815 3025 943 3093 σφοδρῶς
967 3018 1120 3078 ἐπίστασαι
1143 3035 1200 3093 ψυ-

188 3102 255 3164 χροῦ
270 3092 373 3156 ύδατος
386 3092 436 3148 καλ
450 3091 587 3148 ἐκπτνσον
601 3094 650 3149 καλ
664 3095 764 3165 μηδενὶ
779 3096 865 3167 εἴπης.
890 3094 925 3149 cf.
937 3094 1015 3150 stob.
1026 3094 1084 3152 flor.
1099 3101 1139 3161 17,
1150 3101 1199 3149 36:

188 3165 306 3218 Πλάτων
329 3164 463 3227 πολλάκις
488 3167 582 3232 διψῶν
606 3161 637 3220 ἐκ
655 3174 705 3220 τοῦ
724 3164 846 3236 φρέατος
864 3167 986 3237 άντμᾶτο
1005 3166 1036 3220 τὸ
1054 3164 1131 3235 ύδωρ
1151 3166 1200 3219 καλ

189 3231 286 3304 ἐξέχει,
304 3234 428 3301 κολάζων
446 3235 498 3305 τὴν
517 3233 682 3307 ἐπιθυμίαν.

260 3399 275 3448 2
297 3389 419 3463 δρῶντας
437 3394 469 3449 S:
487 3411 587 3449 σοντι
618 3397 627 3462 ψ
659 3389 680 3448 ὦ
705 3395 794 3459 Wolf:
812 3395 890 3458 &es
914 3400 923 3467 ΙΙ
944 3379 1203 3466 Ι1οπροσανετταυ-

190 3463 314 3534 όμεδαε
345 3466 355 3532 ΙΙ
388 3470 420 3519 16
440 3461 561 3534 λέγωμεν
580 3465 612 3520 S.-
631 3481 732 3522 τοκῆε
763 3467 772 3532 ΙΙ
801 3473 834 3520 19
852 3474 988 3524 38.4τί5
1007 3469 1039 3522 in
1057 3466 1202 3535 Seram

189 3551 246 3590 κον
264 3537 421 3605 discrepant
438 3537 599 3606 αμορταμλια
