2636 3930
169 220 234 283 292
315 217 498 271 ΔΡΡΙΔΝΟΤ
516 216 590 269 ΤΩΝ
607 215 824 268 ΕΠΙΚΤΗΤΟΤ
843 215 1039 270 ΔΙΑΤΡῙΒΩΝ

115 399 148 447 31
240 384 350 445 Ταῦτα
372 380 491 463 ἤκουες
513 378 601 464 παρά
629 389 697 454 τοῖς
723 379 939 462 φιλοσόφοις,
966 373 1057 441 ταῦτ’
1085 375 1182 461 έμάν-

168 493 286 564 θανες;
311 482 371 550 οὐκ
394 479 483 549 οἶσθ’
507 484 558 550 ὅτι
580 485 733 570 στρατεία
750 485 788 548 τὸ
806 484 915 569 χρῆμά
934 481 1018 562 έστις
1041 485 1101 549 τὸν
1122 480 1183 568 μέν

170 594 224 658 δεῖ
244 592 434 678 φυλάττειν,
457 593 516 656 τὸν
540 587 577 654 δὲ
595 592 888 674 κατασκοπησοντα
911 587 1043 674 ἐξιέναι,
1067 592 1126 656 τὸν
1148 587 1185 656 δὲ

169 697 224 765 καί
255 700 499 784 πολεμήσοντας
533 695 594 783 ούχ
627 689 702 763 οἷόν
733 695 761 764 τ’
796 693 882 763 εἶναι
913 697 1038 774 πάντας
1070 696 1108 762 ἐν
1139 706 1186 785 τῷ

115 822 150 870 32
170 803 259 896 αὐτῷ
287 802 358 870 οὐδ’
392 807 537 890 άμεινον.
589 807 630 870 σὺ
660 802 690 868 δ’
720 802 815 889 ἀφεὶς
846 804 988 872 ἐκτελεῖν
1015 805 1055 869 τδι
1082 821 1187 892 προσ·
1215 825 1229 865 5
1302 887 1303 890 Ἴ

169 912 316 997 τάγματα
344 922 404 980 τοῦ
433 919 618 996 στρατηγοῦ
646 909 808 995 ἐγκαλεῖς,
838 911 918 976 ὅταν
945 915 981 976 τί
1006 928 1059 976 σοι
1082 927 1187 997 προσ-

168 1026 276 1105 ταχθῇ
303 1018 521 1104 τραχύτερον,
551 1014 606 1081 καὶ
634 1013 675 1081 ού
702 1021 979 1100 παρακολουθεῖς,
1008 1008 1082 1084 οἷον
1105 1016 1188 1082 ἄπο·
1302 1103 1303 1108 ¹

169 1130 312 1210 φαίνεις,
335 1124 417 1188 ὅσον
439 1120 493 1186 έπὶ
516 1126 580 1206 σοί,
602 1125 639 1188 τὸ
658 1122 856 1208 στράτευμα,
879 1123 929 1188 ὅτι
948 1125 991 1189 άν
1009 1141 1045 1188 σε
1065 1125 1188 1202 πάντες
1302 1111 1303 1186 λ

170 1233 390 1315 μιμήσονται,
420 1227 461 1293 οὐ
484 1228 618 1313 τάφρον
640 1229 760 1308 σκάψει
781 1252 846 1314 τις,
876 1229 917 1294 οὐ
944 1230 1071 1314 χάρακα
1094 1252 1188 1317 περι·

169 1339 274 1420 βαλεῖ,
298 1335 359 1403 οὐκ
378 1334 594 1419 άγρυπνήσει,
618 1335 659 1400 ού
677 1335 899 1419 κινδυνεύσει,
921 1336 1004 1402 άλλδ
1018 1333 1189 1422 ’ἄχρηστος
1205 1360 1228 1399 ιο
1302 1331 1303 1378 ἓ

117 1459 151 1506 33
171 1441 260 1520 δόξει
283 1443 530 1527 στρατεύεσθαι.
566 1442 667 1507 πάλιν
690 1441 727 1507 έν
745 1446 850 1531 πλοίῳ
870 1444 994 1526 ναύτης
1012 1441 1054 1508 άν
1073 1441 1188 1529 πλέης,
1302 1419 1303 1446 ¹

170 1552 249 1634 μίαν
272 1551 384 1635 χώραν
406 1549 520 1633 κάτεχε
542 1546 598 1614 καὶ
618 1549 742 1634 ταύτην
759 1550 990 1635 προσλιπάρει·
1014 1549 1057 1614 δν
1077 1547 1108 1614 δ’
1132 1549 1188 1616 ἐπὶ

169 1657 229 1721 τὸν
253 1656 346 1721 ίστὸν
369 1654 534 1740 ἀναβῆναι
557 1654 628 1740 δέη,
651 1657 695 1739 μὴ
718 1652 810 1740 θέλε,
833 1654 875 1721 δν
898 1658 946 1732 είς
964 1657 1025 1741 την
1044 1654 1188 1743 πρῴραν

170 1763 378 1848 διαδραμεῖν,
398 1763 442 1846 μὴ
460 1759 553 1826 θέλε·
577 1758 632 1826 καὶ
650 1764 700 1838 τίς
718 1759 871 1840 ἀνέξεταί
886 1779 947 1827 σου
966 1765 1187 1847 κυβερνήτης;

170 1866 246 1952 οὐχὶ
274 1866 305 1932 δ’
332 1870 377 1944 ὡς
404 1878 522 1944 σκεῦος
549 1869 714 1952 ἄχρηστον
742 1868 888 1953 ἐκβαλεῖ,
923 1865 1025 1934 οὐδὲν
1053 1871 1136 1935 άλλο
1164 1869 1229 1954 ἣτε

170 1973 332 2057 ἐμπόδιον
359 1972 414 2038 καί
442 1974 543 2038 κακὸν
571 1975 780 2060 παράδειγμα
806 1985 874 2040 τῶν
900 1975 1012 2040 άλλυν
1035 1987 1185 2054 ναυτῶν;

115 2094 149 2142 34
170 2078 256 2144 οὕτω
285 2075 321 2144 δὲ
349 2076 404 2143 καί
433 2078 568 2144 ένθάδε·
587 2084 752 2166 Ιστρατεία
780 2085 828 2157 τίς
855 2080 945 2147 ἐστιν
973 2082 991 2147 δ
1014 2084 1087 2165 βίος
1110 2079 1187 2146 ἑκά-

169 2202 249 2250 στου
277 2183 332 2250 καὶ
359 2185 441 2268 αὕτη
470 2187 577 2272 μακρά
604 2185 657 2252 καὶ
687 2191 828 2272 ποικίλη.
875 2197 988 2272 τηρεῖν
1011 2204 1048 2252 σε
1071 2189 1126 2252 δεῖ
1146 2189 1185 2254 τὸ

168 2301 229 2357 τοῦ
252 2294 454 2377 στρατιώτου
473 2292 572 2378 <καὶ>
590 2289 673 2380 πρὸς
689 2302 796 2378 νεῦμα
817 2291 898 2376 [καὶ]
917 2302 977 2360 τοῦ
996 2303 1186 2381 στρατηγοῦ

115 2414 149 2464 35
168 2399 330 2485 πράσσειν
357 2398 489 2464 ἕκαστα·
520 2402 551 2464 εί
576 2391 651 2465 οἷόν
677 2423 727 2483 τε,
754 2402 1002 2484 μαντευόμενον
1030 2400 1050 2464 δ
1078 2399 1184 2467 θέλει.
1201 2425 1230 2463 εο

169 2501 248 2572 οὐδὲ
275 2507 338 2591 γάρ
367 2506 481 2589 ὅμοιος
509 2504 634 2582 ἐκεῖνος
663 2506 682 2572 ὁ
706 2506 886 2592 στρατηγὸς
907 2503 963 2571 καὶ
986 2501 1083 2584 οὗτος
1107 2508 1185 2572 ούτε

168 2613 249 2676 κατά
276 2612 337 2694 την
366 2615 463 2697 ίσχὺν
487 2611 563 2677 ούτε
591 2612 672 2677 κατά
699 2611 761 2694 τὴν
787 2621 848 2678 τοῦ
876 2614 984 2695 ἤθους
1006 2614 1184 2699 ὑπεροχήν.

115 2735 149 2784 33
168 2715 298 2794 τέταξαι
331 2717 367 2782 έν
399 2721 494 2783 πόλει
526 2717 688 2804 ἡγεμονίᾳ
720 2716 776 2782 καὶ
803 2717 864 2783 ούκ
892 2717 929 2784 έν
955 2727 1092 2804 ταπεινῇ
1116 2741 1184 2784 τινι

169 2823 271 2908 χώρᾳ,
294 2820 366 2888 ἀλλ’
389 2821 441 2888 ἀεὶ
461 2826 651 2907 βουλευτής.
688 2822 750 2888 ούκ
768 2817 858 2889 οἶσθ’
881 2824 933 2890 ὅτι
951 2821 1010 2890 τόν
1028 2833 1184 2890 τοιοῦτον

170 2927 266 3009 ὀλίγα
289 2925 350 3012 μὲν
374 2929 428 2992 δεῖ
448 2930 648 3012 οἰκονομεῖν,
670 2930 710 2993 τδι
732 2930 839 2994 πολλδι
863 2925 893 2994 δ’
917 2929 1101 3014 ἀποδημεῖν
1124 2931 1183 3017 άρ-
1199 2953 1225 2993 ετ

169 3056 270 3118 γοντα
293 3032 314 3117 ἣ
339 3032 523 3118 ἀρχόμενον
546 3034 566 3118 ἢ
589 3034 817 3121 ύπηρετοῦντά
840 3059 906 3101 τινι
934 3034 1017 3121 άρχη
1041 3035 1061 3120 ἢ
1085 3052 1184 3120 στρα-

242 3231 258 3278 3
277 3222 532 3291 κατασκοπήοαντα
551 3225 583 3280 S:
602 3243 670 3282 σοιν.
691 3227 721 3287 δε
750 3229 759 3296 ΙΙ
787 3233 803 3280 6
823 3221 947 3294 ἐγκαλεῖς
963 3227 1010 3288 82.-
1027 3231 1122 3290 καλεῖς
1139 3227 1183 3300 8η

172 3302 205 3350 15
224 3294 294 3368 <σ’>
309 3296 447 3365 άχρηοτον
463 3295 490 3350 0.
505 3297 620 3351 Schenkl
646 3300 655 3366 ΙΙ
684 3304 716 3352 19
735 3297 784 3351 καὶ
802 3299 871 3367 πρὸς
885 3306 975 3369 νεῦμα
991 3299 1080 3366 Wolf:
1097 3297 1184 3368 πρόσ-

170 3385 260 3433 νενμα
279 3365 325 3418 καλ
351 3366 385 3431 8,·
407 3365 477 3435 πρὸς
500 3375 589 3435 νεῦμα
612 3369 712 3432 (ότίοῖα
730 3369 874 3438 particula
891 3369 951 3439 καλ)
970 3372 1058 3424 ιάικε
1097 3373 1107 3437 ΙΙ
1148 3375 1183 3424 20

171 3433 377 3505 μαντευόμενος
395 3436 427 3490 S:
446 3453 515 3492 corr.
537 3437 634 3492 Comes
669 3441 679 3507 l}
710 3444 743 3492 23
762 3441 849 3508 πολλῇ
868 3439 899 3499 8ο
938 3443 948 3509 l}
985 3441 1101 3508 ίοιῖιιεει
1118 3439 1184 3510 ἡγε-

172 3505 295 3649 μονούσρ
308 3507 355 3572 (cf.
370 3507 429 3571 ΙΙΙ,
441 3511 459 3561 7
459 3547 468 3574 ,
476 3511 542 3574 21);
557 3506 674 3576 ἡγεμόνι
688 3508 716 3561 0.
730 3507 844 3563 Schenkl
865 3512 875 3578 ss
897 3515 932 3563 24
945 3508 1029 3652 goffl'
1043 3506 1073 3575 ἐξ
1088 3511 1183 3579 ὀλίγον

171 3574 273 3645 χρόνον
300 3574 387 3643 ,ἀλλ’
411 3576 438 3631 0.
458 3577 573 3634 Schenkl
603 3579 612 3646 ΙΙ
644 3577 701 3648 ἀεὶ]
721 3575 749 3632 εἷ
765 3578 863 3645 Βαίτιος
882 3581 955 3652 (οῦκ
995 3578 1023 3634 εἴ
1039 3581 1138 3637 Οοτατε
