2626 3924
169 152 235 216 338
315 153 498 206 APPIANOY
515 154 589 207 ΤΩΝ
607 153 824 205 ΕΙΠΚΤΗΤΟΤ
841 153 1036 206 ΔΙΑΤΡΙΒΩΝ

168 323 238 397 χῶν
269 309 324 377 καὶ
360 322 465 397 τιμῶν
496 314 553 390 τάς
589 325 700 399 χεῖρας
731 324 798 380 τῶν
830 313 1016 397 ἀλλοτρίων
1047 313 1194 378 δούλων

115 422 364 503 149καταφιλῇς,
391 419 448 483 ίνα
475 417 550 504 μηδ’
583 418 771 505 ἐλευθέρων
799 422 919 496 δοῦλος
945 413 999 506 ᾖα
1027 413 1098 483 εἶτά
1128 441 1193 501 μοι

169 525 289 607 σεμνός
315 535 503 609 περιπατεῖς
533 536 741 612 στρατηγῶν,
771 524 955 590 ὑπατεύων.
1001 524 1064 589 οὐκ
1095 519 1192 605 οἶδα,

169 639 238 706 πῶς
260 627 514 716 ἐστρατήγησας,
535 633 643 696 πόθεν
661 632 722 714 τὴν
739 630 900 696 ὑπατείαν
918 633 1044 714 ἔλαβες,
1060 633 1112 706 τίς
1132 646 1192 694 σοι

116 733 436 819 16οαύτηνέδωκεν,
464 735 528 819 ἐγὼ
551 733 613 820 μὲν
636 732 716 802 οὐδὲ
740 739 798 820 ζην
819 739 957 821 ἤθελον,
979 737 1011 800 εί
1033 736 1091 800 διά
1115 738 1192 818 Φη-
1218 750 1232 790 ⁵

170 843 308 907 λικίωνα
326 842 394 906 ἔδει
413 844 506 925 ζῆσαι
524 847 582 924 τῆς
600 841 725 925 ὀφρύος
743 841 846 907 αὐτοῦ
866 837 921 906 καὶ
939 849 1000 905 τοῦ
1023 841 1192 906 δουλικοῦ

169 947 383 1034 φρυάγματος
409 945 647 1032 ἀνασχόμενον.
692 941 767 1012 οἶδα
794 948 874 1033 γάρ,
905 949 942 1012 τί
965 945 1034 1011 ἐστι
1061 947 1192 1020 δοῦλος

170 1052 317 1137 εὐτυχῶν
340 1053 385 1129 ὡς
407 1049 575 1117 δοκεῖκαὶ
596 1050 835 1137 τετυφωμένος.

118 1173 168 1223 1⁶1
237 1159 290 1222 Σὺ
319 1150 397 1240 οὖν,
424 1160 543 1241 φησίν,
571 1155 747 1244 ἐλεύθερος
773 1152 817 1235 εἷς
848 1193 886 1202 -
917 1153 1010 1220 Θέλω
1040 1157 1082 1240 νὴ
1106 1159 1191 1232 τοὺς

169 1265 273 1338 θεοὺς
290 1257 346 1326 καὶ
364 1261 513 1347 εὔχομαι,
531 1259 603 1326 ἀλλ’
625 1262 718 1327 ούπω
737 1261 882 1345 δύναμαι
901 1257 1098 1344 ἀντιβλέψαι
1115 1271 1189 1338 τοῖς
1202 1285 1229 1324 ιο

171 1369 314 1451 κυρίοις,
342 1367 389 1430 ἔτι
411 1376 494 1449 τιμῶ
516 1368 555 1431 τό
578 1367 760 1450 σωμάτιον,
784 1366 968 1452 ὁλόκληρον
990 1366 1072 1430 αὐτὸ
1097 1368 1189 1450 ἔχειν

171 1470 246 1537 ἀντὶ
277 1475 403 1538 πολλοῦ
434 1481 593 1556 ποιοῦμαι
623 1475 731 1538 καίτοι
760 1469 836 1557 μηδ’
873 1472 1057 1558 ὁλόκληρον
1088 1474 1187 1556 ἔχων.

117 1575 254 1643 Ισιάλλά
269 1576 418 1662 δύναμαί
434 1593 487 1642 σοι
506 1575 610 1654 δείξαι
629 1576 821 1663 ἐλεύθερον,
841 1578 897 1642 ’ίνα
910 1576 1025 1661 μηκέτι
1039 1581 1134 1663 ζητῇς
1147 1581 1187 1644 τὸ

97 1725 101 1736 .
170 1683 385 1770 παράδειγμα.
421 1680 588 1766 Διογένης
605 1677 649 1765 ἣν
666 1681 851 1769 ἐλεύθερος.
870 1720 913 1732 -
931 1686 1050 1748 Πόθεν
1068 1693 1185 1762 τοῦπος

173 1827 212 1838 -
240 1790 311 1875 Ούχ
338 1789 389 1854 ότι
417 1788 450 1867 ἐξ
479 1786 668 1874 ἐλευθέρων
689 1783 733 1871 ἣν
757 1785 812 1875 (οὐ
840 1789 903 1874 γάρ
931 1784 1004 1875 ἦν),
1033 1785 1105 1853 ἀλλ’
1133 1789 1185 1854 ὅτι
1200 1811 1224 1852 τε

172 1895 270 1971 αὐτὸς
300 1890 358 1976 ἣν,
391 1894 442 1958 ὅτι
473 1892 693 1979 ἀποβεβλήκει
719 1892 826 1970 πάσας
854 1895 913 1971 τάς
942 1903 1001 1978 τῆς
1030 1896 1185 1973 δουλείας

172 2000 275 2083 λαβάς
302 1995 374 2063 οὐδ’
402 1995 457 2082 ἦν,
486 1999 574 2076 ὅπως
595 2024 645 2077 τις
666 1997 838 2086 προσέλθῃ
864 2002 946 2086 πρὸς
973 1999 1077 2065 αὐτὸν
1106 1999 1181 2066 οὐδ’

119 2103 257 2172 ισεόθεν
284 2102 422 2188 λάβηται
448 2105 531 2190 πρὸς
557 2106 595 2170 τὸ
622 2106 949 2171 καταδουλώσασθαι.
995 2106 1103 2171 πάντα
1131 2107 1185 2171 εύ-

173 2215 256 2275 λυτα
277 2204 380 2295 εἶχεν,
409 2209 516 2275 πάντα
543 2213 649 2295 μόνον
671 2209 931 2298 προσηρτημένα.
977 2212 1009 2276 εί
1028 2220 1087 2295 της
1108 2215 1184 2295 κτή-
1294 2273 1295 2290 ,

173 2331 257 2393 σεως
278 2313 456 2400 ἐπελάβου,
483 2315 587 2399 αὐτην
615 2315 741 2401 ἀφῆκεν
768 2317 811 2382 άν
833 2333 887 2382 σοι
913 2320 1040 2400 μᾶλλον
1062 2313 1083 2398 ἦ
1107 2317 1183 2399 ήκο-
1198 2339 1224 2378 το
1294 2299 1295 2378 λ

173 2423 342 2506 λούθησεν
366 2417 410 2485 δι’
438 2419 554 2505 αὐτην·
582 2421 615 2485 εί
639 2430 700 2487 τοῦ
724 2418 871 2504 σκέλους,
899 2419 958 2503 <τὸ
981 2418 1130 2503 σκέλος>·
1153 2425 1186 2487 εί
1294 2423 1295 2504 Ῐ

174 2527 255 2592 ὅλου
281 2537 341 2593 τοῦ
368 2528 552 2611 σωματίου,
580 2525 660 2592 όλον
683 2528 720 2592 τὸ
744 2526 924 2610 σωμάτιον·
952 2527 1107 2610 οἰκείους,
1129 2533 1183 2612 φί-
1294 2533 1295 2588 ἒ

173 2637 268 2715 λους,
294 2634 436 2719 πατρίδα
463 2632 628 2708 ὡσαύτως.
673 2630 762 2718 ᾔδει,
790 2635 898 2697 πόθεν
925 2634 991 2716 ἔχει
1017 2629 1073 2696 καὶ
1094 2635 1181 2719 παρὰ
1294 2633 1295 2644 ’

120 2738 265 2812 Ῑσιτίνος
290 2733 345 2801 καὶ
372 2734 426 2803 ἐπὶ
452 2740 540 2802 τίσιν
572 2738 692 2822 λαβών.
741 2740 819 2814 τοὺς
851 2735 911 2821 μέν
938 2733 970 2819 γ’
1001 2736 1181 2820 ἀληθινούς

174 2844 376 2927 προγόνους,
398 2844 476 2919 τοὺς
496 2842 616 2926 θεούς,
639 2839 694 2907 καὶ
716 2844 777 2932 την
799 2849 844 2930 τῷ
869 2843 941 2907 όντι
963 2844 1106 2927 πατρίδα
1128 2844 1180 2908 ού-
1193 2863 1219 2903 τε

176 2944 338 3012 δεπάποτ’
359 2945 402 3010 ἂν
421 2944 631 3029 ἐγκατέλιπεν
648 2944 729 3013 οὐδὲ
746 2949 980 3033 παρεχώρησεν
998 2948 1087 3034 άλλφ
1103 2953 1180 3032 μᾶλ-

175 3058 236 3118 λον
250 3054 430 3117 πείθεσθαι
447 3051 560 3129 αὐτοῖς
576 3051 632 3118 καὶ
646 3053 828 3119 ὑπακούειν
843 3047 914 3118 οὐδ’
931 3051 1179 3138 ὑπεραπέθανεν

249 3213 334 3275 lsqq.
354 3209 388 3262 cf.
407 3193 494 3262 Erich.
512 3214 554 3275 19,
568 3213 598 3262 λε
618 3209 651 3262 σὺ
669 3239 684 3250 -
696 3240 710 3249 -
729 3209 761 3262 οδ
781 3197 931 3277 στρατηγὸς
948 3211 1004 3262 κτλ.

247 3346 405 3399 λύπατίαν
425 3344 458 3398 S:
476 3361 544 3400 οων.
563 3346 594 3407 S„
624 3346 634 3413 11
666 3348 858 3415 ὅφιληκίωνα
877 3346 909 3401 S:
932 3363 1034 3401 eorm
1064 3349 1075 3414 ss
1105 3353 1183 3402 8τε-

177 3411 355 3482 τοφλωμένος
377 3415 410 3470 S:
432 3431 534 3468 eorm
573 3415 583 3483 ll
623 3421 656 3470 1'1
681 3415 785 3486 βλάβας
807 3416 841 3471 S.-
862 3433 932 3471 corr.
956 3417 986 3475 δι
1022 3419 1032 3484 ΙΙ
1073 3422 1106 3470 21
1131 3417 1181 3490 <τὸ

177 3481 293 3554 σκέλος)
310 3485 363 3537 ins,
381 3499 395 3536 ε
416 3486 426 3552 Ιχ
449 3488 482 3536 23
501 3479 564 3553 ᾔδει
578 3483 702 3555 <γδιρ>ε
722 3487 733 3553 ΙΙ
755 3491 789 3540 26
809 3481 1000 3553 ἐγκατέλειπεν
1020 3485 1053 3540 S:
1070 3501 1140 3542 οοετ.
1153 3488 1183 3547 82
