2636 3930
110 211 171 263 (111,
185 211 218 263 ιε,
232 211 306 262 ο-εο,
319 205 342 257 ι)
378 197 530 248 BIBAION
548 196 689 251 TPITON.
708 195 759 263 ιη’.
779 195 835 250 ιθ’.
855 195 893 250 κ’.
1060 195 1124 259 257

111 358 206 425 ἐστιν
233 356 254 441 ἢ
282 357 405 442 δόγμα,
435 356 548 440 ὀμνύω
573 356 653 440 ὑμῖν
675 355 800 434 πάντας
828 358 945 440 θεούς,
972 356 1023 422 ὅτι
1045 378 1125 443 προ-

110 466 290 547 εκόιγαμεν.
335 472 400 529 νῦν
423 460 453 527 θ’
481 463 587 545 ἄλλην
610 461 692 528 ὁδὸν
719 460 751 541 ἐξ
783 462 885 549 ἀρχῆς
908 462 1162 548 ἐληλύθαμεν.4

111 569 217 644 εὐθὺς
240 569 287 632 ἔτι
310 569 440 633 παίδων
462 567 557 652 ημῶν
580 569 689 634 ὄντων
706 567 726 650 ἡ
745 570 855 652 τιτθή,
879 575 913 634 εί
926 590 1004 634 ποτε
1024 586 1126 655 προσ-

110 676 312 758 επταίσαμεν
330 672 518 759 χάσκοντες,
537 670 611 759 οὐχί
629 672 709 757 ημῖν
728 670 943 759 ἐπέπλησσεν,
962 671 1045 739 ἀλλὰ
1066 677 1125 740 τὸν

81 782 215 844 ελίθον
239 781 384 844 ἔτυπτεν.
427 782 463 844 τί
482 779 546 864 γὰρ
565 777 719 863 ἐποίησεν
738 779 756 846 ὁ
778 783 889 857 λίθος;
913 779 969 844 διὰ
987 780 1048 863 την
1066 789 1126 846 τοῦ

110 885 250 950 παιδίου
273 901 335 950 σου
358 887 488 970 μωρίαν
511 885 580 950 ἔδει
607 888 787 970 μεταβῆναι
815 885 932 964 αὐτόν;
960 885 1060 951 πάλιν
1084 885 1160 952 ἂνσ

70 1051 75 1056 ,
111 992 157 1076 μὴ
190 990 340 1074 εὕρωμεν
371 1001 492 1076 φαγεῖν
529 990 565 1055 έκ
604 993 800 1074 βαλανείου,
836 987 995 1056 οὐδέποθ’
1031 990 1126 1076 ἡμῶν

111 1095 322 1161 καταστέλλει
344 1096 405 1180 την
429 1095 612 1180 ἐπιθυμίαν
635 1097 653 1163 ὁ
675 1099 902 1181 παιδαγωγός,
929 1094 1013 1161 ἀλλὰ
1036 1094 1125 1183 θέρει

110 1205 171 1268 τὸν
201 1201 369 1288 μάγειρον.
418 1203 593 1289 ἄνθρωπε,
622 1204 666 1287 μη
694 1204 757 1289 γὰρ
787 1201 915 1268 ἐκείνου
944 1217 980 1268 σε
1008 1204 1126 1268 παιδα-

69 1330 98 1370 ιο
112 1310 224 1392 γωγὸν
247 1307 505 1392 κατεστήσαμενς
536 1306 619 1373 ἀλλὰ
642 1317 702 1373 τοῦ
728 1309 865 1374 παιδίου
892 1307 1000 1392 ἡμῶν·
1026 1318 1125 1375 τοῦτο

111 1413 317 1500 έπανόρθον,
339 1421 437 1480 τοῦτο
462 1412 592 1500 ὠφέλει.
638 1413 724 1479 οὕτω
747 1411 803 1478 καὶ
826 1411 1026 1499 αὐξηθέντες
1048 1438 1125 1498 φαι-
1145 1431 1160 1478 6

111 1523 243 1605 νόμεθα
266 1521 390 1585 παιδία.
434 1530 512 1596 παῖς
534 1522 597 1605 γὰρ
621 1518 657 1586 ἐν
680 1530 853 1603 μουσικοῖς
872 1519 890 1586 ὁ
910 1521 1065 1604 ἄμουσος,
1090 1519 1127 1586 ἐν

112 1636 350 1714 γραμματικοῖς
372 1625 391 1692 ὁ
414 1624 637 1711 ἀγράμματος,
659 1624 696 1690 έν
719 1627 781 1713 βίω
806 1625 823 1690 ὁ
847 1623 1051 1701 ἀπαίδευτος.

210 2044 252 2113 κ’.
289 2045 371 2114 Ὅτι
398 2046 471 2114 ἀπὸ
498 2047 657 2113 πάντων
683 2057 759 2112 τῶν
787 2045 897 2124 ἐκτὸς
924 2049 1033 2112 ἔστιν

72 2176 98 2216 ιι
494 2154 744 2238 ὠφελεῖσθαι.

175 2292 249 2360 Ἐπὶ
271 2306 338 2360 τῶν
361 2301 576 2380 θεωρητικῶν
593 2303 785 2378 φαντασιῶν
806 2295 925 2370 πάντες
948 2295 1067 2378 σχεδὸν
1086 2296 1123 2360 τὸ
1145 2310 1158 2358 1

111 2402 245 2486 ἀγαθὸν
270 2399 325 2466 καὶ
353 2403 390 2467 τὸ
417 2402 519 2466 κακὸν
549 2397 585 2464 έν
612 2397 692 2482 ημῖν
720 2397 897 2481 ἀπέλιπον,
928 2396 1001 2484 οὐχὶ
1029 2396 1059 2462 θ’
1088 2397 1125 2463 ἐν

110 2518 182 2585 τοῖς
205 2506 305 2584 ἐκτός.
350 2503 462 2583 οὐδεὶς
482 2501 570 2588 λέγει
593 2503 725 2588 ἀγαθὸν
744 2506 781 2569 τὸ
799 2490 927 2588 ἡμέραν
945 2499 1042 2585 εἶναι,
1065 2526 1122 2568 κα·
1142 2519 1158 2567 2

111 2615 174 2679 κὸν
197 2614 235 2678 τὸ
262 2612 365 2678 νύκτα
393 2605 494 2694 εἶναι,
523 2607 680 2695 μέγιστον
703 2604 741 2673 δέ
762 2618 873 2674 κακῶν
896 2610 934 2674 τὸ
956 2611 1031 2693 τρία
1053 2607 1125 2674 τέσ-

72 2741 99 2780 ιο
113 2737 199 2804 σαρα
222 2713 317 2784 εἶναι.
362 2716 446 2782 ἀλλὰ
468 2720 513 2794 τίς
538 2717 599 2800 την
618 2711 680 2800 μέν
698 2715 880 2800 έπιστημην
903 2712 1044 2798 ἀγαθόν,
1063 2716 1125 2799 την
1144 2730 1160 2779 3

113 2823 144 2890 δ’
167 2823 294 2908 ἀπάτην
317 2826 430 2905 κακόν,
454 2817 614 2887 ὥστεκαὶ
636 2819 711 2906 περὶ
734 2821 814 2886 αὐτὸ
836 2821 875 2885 τὸ
898 2821 1022 2899 ψεῦδος
1044 2819 1126 2903 ἀγα-

112 2932 180 2996 θὸν
212 2932 447 3012 συνίστασθαι,
484 2928 546 3012 την
579 2925 761 3012 ἐπιστήμην
793 2935 853 2993 τοῦ
882 2927 1007 3006 ψεῦδος
1037 2921 1125 2992 εἶναι

113 3036 205 3101 αὐτό.
242 3036 310 3101 ἔθει
332 3029 395 3100 οὖν
417 3033 505 3099 οὕτω
522 3031 579 3098 καὶ
597 3030 650 3098 ἐπὶ
668 3041 728 3099 τοῦ
746 3035 833 3117 βίον.
869 3033 964 3115 ὑγεία
982 3031 1126 3116 ἀγαθόν,
1143 3046 1161 3094 4

113 3145 214 3218 νόσος
242 3136 279 3205 δέ
306 3143 423 3218 κακῶς
456 3139 516 3223 οὔ,
544 3139 711 3224 ἄνθρωπε.
761 3137 845 3205 ἀλλὰ
873 3141 919 3216 τίς
953 3139 990 3203 τὸ
1017 3143 1126 3215 καλῶς

73 3267 100 3309 ω
113 3249 280 3332 ὑγιαίνειν
294 3246 436 3331 ἀγαθόν,
454 3248 491 3312 τὸ
506 3254 614 3322 κακῶς
626 3247 739 3310 κακόν.
755 3281 795 3292 -
808 3241 908 3309 Ὥστε
921 3241 977 3310 καὶ
990 3240 1054 3308 ἀπὸ
1069 3245 1126 3308 νό·

188 3479 202 3527 1
222 3472 382 3543 προέκοψεν
397 3471 419 3529 S
435 3475 464 3540 (ν
482 3473 533 3528 del.
553 3467 608 3538 δελ·
627 3487 696 3526 corr.
716 3470 796 3538 Wolf
823 3471 832 3538 ΙΙ
865 3475 897 3524 13
917 3466 1126 3538 ἀγραμμάτιιιος

115 3544 149 3602 S:
167 3559 269 3600 τουκε
299 3545 309 3612 λ
341 3550 373 3598 19
393 3542 514 3599 nauare
544 3544 554 3611 ΙΙ
584 3547 618 3598 21
637 3541 751 3612 ἀγαθὸν
770 3540 869 3598 Schw:
888 3538 1031 3608 ἀπάτηνε

169 3640 189 3680 Ε
191 3649 313 3680 εεεεεεεεε
933 3633 964 3681 l?
