2636 3930
156 202 225 267 220
303 200 579 254 ΑΡΡΙΑΝΟΤ.ΤΩΝ
597 198 815 252 ΕΠῙΚΤΗΤΟΤ
831 196 1026 249 ΔΙΑΤΡΙΒΩΝ

157 388 222 429 νυν
250 368 403 447 σκοτωθῇ
430 385 495 444 τις,
512 360 584 446 ὀὐχ
607 360 645 425 αί
668 356 780 446 τέχναι
806 357 863 425 καὶ
890 359 928 424 αί
951 355 1065 445 ἀρεταὶ
1089 373 1172 440 συγ-

157 468 300 555 χέονται,
323 467 407 535 ἀλλὰ
428 469 467 533 τὸ
490 475 620 551 πνεῦμα
643 462 694 552 ἐφ’
722 461 764 532 οὗ
787 467 865 532 εἰσι·
890 464 1111 541 καταστάντος
1135 460 1174 528 δέ

157 579 354 640 καθίσταται
376 573 522 640 κάκεῖνα.

159 979 203 1047 δ’.
240 983 346 1068 Πρὸς
363 984 432 1049 τὸν
450 981 628 1066 ἀκόσμως
645 978 686 1046 ἐν
705 969 858 1069 θεάτρῳ
882 978 1175 1046 σπουδάσαντα.

124 1159 139 1206 1
230 1145 297 1206 Τοῦ
321 1136 352 1205 δ’
376 1137 554 1224 ἐπιτρόπου
573 1148 630 1222 τῆς
644 1137 805 1225 Ἠπείρου
824 1138 1048 1224 άκοσμότερον
1071 1157 1175 1205 σπον-
1204 1157 1218 1198 5
1313 1191 1314 1196 ,

160 1246 322 1322 δάσαντος
344 1244 494 1333 κωμῳδῷ
516 1267 581 1309 τινι
604 1243 661 1309 καὶ
684 1242 738 1309 ἐπὶ
761 1245 866 1333 τούτῳ
895 1245 1039 1332 δημοσία
1061 1246 1175 1311 λοιδο-

122 1429 130 1440 ,
159 1348 337 1436 ρηθέντος,
373 1345 443 1415 εἶτα
476 1348 549 1433 ἑξῆς
576 1349 835 1434 ἀπαγγείλαντος
863 1353 946 1437 πρὸς
975 1351 1088 1434 αὐτόν,
1122 1350 1174 1416 ὅτι

160 1457 374 1543 ἐλοιδορήθη,
395 1454 450 1521 καί
474 1455 739 1539 ἀγανακτοῦντος
759 1458 842 1542 πρὸς
859 1460 937 1534 τοὺς
955 1458 1176 1541 λοιδορήσαν-

160 1587 217 1641 τας
235 1561 303 1628 Καὶ
321 1566 356 1628 τί
370 1565 485 1646 κακόν,
508 1564 583 1649 ἐφη,
607 1560 758 1641 ἐποίουν;
782 1561 987 1642 ἐσπούδαζον
1004 1561 1059 1628 καὶ
1079 1559 1175 1629 οὗτοι

125 1688 140 1735 2
160 1672 204 1748 ὡς
226 1667 282 1735 καὶ
305 1669 357 1734 σύ.
402 1670 553 1745 εἰπόντος
572 1664 602 1732 δ’
626 1666 755 1734 ἐκείνου
776 1668 891 1745 Οὕτως
915 1663 977 1735 οὖν
1000 1693 1050 1746 τις
1072 1687 1175 1735 σπου·
1191 1688 1220 1728 10

160 1777 263 1856 δάζει;
291 1774 356 1859 Σί,
386 1776 466 1859 ἔφη,
495 1773 672 1860 βλέποντες
702 1775 760 1839 τὸν
790 1774 900 1840 αὐτῶν
923 1775 1083 1861 άρχοντα,
1113 1787 1174 1843 τοῦ

159 1886 329 1969 Καίσαρος
350 1884 452 1965 φίλον
469 1877 524 1944 καὶ
543 1877 731 1964 ἐπίτροπον,
755 1879 842 1945 οὕτω
862 1882 1089 1961 σπουδάζοντα
1113 1882 1175 1948 οὐκ

124 1992 300 2073 3ἔμελλον
326 1984 382 2051 καὶ
410 1983 505 2050 αὐτοὶ
533 1985 637 2061 οὕτως
665 1985 877 2064 σπονδάζειν;
906 1989 938 2052 εί
963 1989 1026 2074 γάρ
1055 1988 1099 2072 μὴ
1124 1990 1178 2054 δεῖ

160 2094 247 2160 οὕτω
281 2090 493 2173 σπουδάζειν,
525 2085 609 2173 μηδὲ
641 2093 683 2155 σὺ
711 2091 888 2170 σπούδαζε·
921 2095 952 2158 εί
979 2086 1016 2157 δέ
1044 2095 1112 2178 δεῖ,
1143 2098 1179 2159 τί
1309 2120 1315 2126 ·

160 2201 376 2285 χαλεπαίνεις,
400 2201 435 2261 εῖ
453 2213 488 2260 σε
512 2194 728 2280 ἐμιμήσαντο;
756 2199 849 2274 τίνας
871 2198 934 2281 γὰρ
965 2201 1100 2285 ἔχουσιν
1122 2224 1174 2284 μι-
1190 2217 1219 2259 1⁵

160 2309 330 2391 μάσασθαι
363 2303 398 2369 οί
426 2299 544 2369 πολλοὶ
576 2301 596 2385 ἢ
628 2306 707 2381 τοὺς
737 2301 959 2389 ὑπερέχοντας
990 2304 1091 2390 ὑμάς;
1127 2308 1175 2385 είς

125 2429 142 2477 4
161 2415 252 2489 τίνας
275 2411 439 2477 άπίδωσιυ
462 2406 619 2486 ἐλθόντες
641 2412 688 2486 είς
711 2410 751 2475 τὰ
778 2407 905 2496 θέατρα
928 2411 949 2495 ἢ
973 2412 1071 2498 ὑμᾶς,
1101 2411 1174 2495 Ὅρα

160 2531 229 2597 πῶς
248 2519 265 2584 ὁ
285 2516 461 2604 ἐπίτροπος
477 2522 538 2580 τοῦ
553 2516 721 2601 Καίσαρος
739 2522 873 2601 θεωρεῖ·
892 2514 1064 2603 κέκραγεν·
1084 2517 1174 2600 κάγὼ

160 2627 277 2691 τοίνυν
309 2622 496 2708 κρανγάσω.
552 2619 719 2709 ἀναπηδᾷ·
753 2620 844 2704 κάγὼ
879 2622 1092 2708 ἀναπηδήσω.
1142 2625 1177 2690 οί

161 2731 278 2795 δοῦλοι
307 2730 410 2794 αὐτοῦ
439 2728 660 2812 διακάθηνται
687 2727 939 2812 κραυγάζοντες·
968 2728 1032 2812 ἐγὼ
1052 2727 1086 2824 ,δ’
1113 2730 1175 2795 οὐκ
1189 2747 1217 2786 20

162 2837 225 2920 ἔχω
249 2835 404 2910 δούλους·
428 2833 503 2900 ἀντὶ
525 2834 661 2899 πάντων
684 2831 782 2909 αὐτὸς
807 2833 887 2899 ὅσον
907 2835 1052 2920 δύναμαι
1075 2859 1175 2922 κραυ-

127 2937 275 3023 5γάσω.’
322 2936 444 3003 είδέναι
469 2957 505 3004 σε
528 2934 591 3006 οὖν
615 2940 682 3022 δεῖ,
705 2937 786 3002 ὅταν
809 2938 942 3026 είσέρχγγ
965 2943 1012 3017 είς
1034 2944 1072 3007 τὸ
1094 2941 1175 3007 θεά-

160 3069 252 3128 τρον,
283 3043 333 3108 ὅτι
355 3044 467 3109 κανὼν
491 3043 621 3130 είσέρχῃ
645 3041 700 3110 καὶ
725 3044 931 3131 παράδειγμα
954 3058 1023 3124 τοῖς
1051 3049 1175 3132 άλλοις,

126 3160 230 3225 σπῶς
257 3147 379 3225 αὐτοὺς
406 3150 461 3213 δεῖ
479 3155 632 3234 θεωρεῖν.
677 3153 712 3213 τί
739 3144 801 3214 οὖν
824 3166 861 3214 σε
885 3149 1094 3237 ἐλοιδόρουνς
1125 3153 1177 3218 ὅτι

160 3263 225 3331 πᾶς
253 3255 433 3336 ἅνθρωπος
455 3263 547 3336 μισεῖ
567 3256 604 3319 τὸ
628 3253 814 3338 ἐμποδίζον.
861 3253 982 3321 ἐκεῖνοι
1006 3273 1174 3342 στεφανω-
1189 3273 1217 3315 2⁵

161 3365 264 3441 θῆναι
283 3360 409 3441 ἤθελον
428 3360 487 3422 τὸν
506 3359 610 3442 δεῖνα,
634 3362 676 3424 σὺ
695 3358 823 3445 ἕτερον·
847 3358 967 3426 ἐκεῖνοι
989 3360 1043 3428 σοὶ
1063 3362 1176 3429 ἐνεπέ
1298 3417 1305 3426 .

160 3484 374 3492 --.———

233 3555 248 3602 2
269 3545 322 3602 είαι
342 3546 388 3608 ὅτε
407 3541 505 3602 ἐστιδ
533 3550 543 3616 ΙΙ
576 3547 726 3602 ῖκάκεῖνο
745 3549 780 3604 S:
798 3566 867 3606 σοιν.
888 3552 918 3612 Β.
