2626 3924
212 207 279 271 366
355 206 540 259 ΔΡΡΙΔΝΟΤ
558 205 633 259 ΤΩΝ
650 205 870 257 ΕΠῙΚΤΗΤΟΤ
887 206 1084 258 ΔΙΑΤΡΙΒΩΝ

209 368 411 446 ψεύδεσθαις
436 364 571 450 λέγουσι
593 363 706 431 καὶόί
721 367 915 451 φιλόσοφοι,
938 365 989 431 ὅτι
1012 361 1133 431 οὐδὲν
1156 375 1229 431 κω-

155 488 191 538 34
210 474 296 539 λῦει
322 473 468 552 ψεῦδος
500 471 654 538 εἰπεῖν’.
702 473 744 536 σὺ
775 467 806 537 δ’
837 477 928 558 είπερ
954 481 1027 549 ταῖς
1055 471 1229 556 ἀληθείαις

211 579 350 656 οὐδενὸς
368 581 472 645 ἀλλον
490 580 713 665 πεφρόντικας
730 577 796 663 <ἢ>
814 578 961 664 χρήσεως
979 578 1052 654 οἵας
1071 579 1128 643 δεῖ
1144 602 1229 663 φαν-

210 690 346 769 τασιῶν,
369 684 474 761 εὐθὺς
497 683 641 761 ἀναστὰς
663 682 773 748 ἕωθεν
797 681 948 766 ἐνθυμοῦ
972 681 1060 748 “τίνα
1082 709 1141 768 μοι
1164 688 1228 749 λεί-

210 812 265 856 πει
286 793 369 876 πρὸς
391 789 573 866 ἀπάθειαν;
596 791 671 854 τίνα
689 791 772 874 πρὸς
790 785 982 872 ἀταραξίανς
1008 791 1057 865 τίς
1074 789 1160 873 είμι;
1186 793 1228 873 μή
1250 810 1261 850 ε

210 921 242 964 τι
261 898 440 981 σωμάτιον,
462 897 507 980 μή
526 918 558 960 τι
575 903 699 979 κτῆσις,
721 897 766 979 μή
785 918 817 959 τι
837 896 944 979 φήμης
969 890 1071 959 οὐδὲν
1088 895 1228 961 τούτων.

157 1017 192 1067 35
212 1003 296 1069 ἀλλὰ
312 1006 359 1082 τίς
384 1003 521 1086 λογικόν
538 1002 606 1085 είμι
626 1000 730 1088 ζῷον.
766 1003 841 1067 τίνα
864 995 926 1066 οῦν
945 1001 985 1065 τὰ
1003 999 1228 1086 ἀπαιτηματας

211 1108 370 1175 ἀναπόλει
405 1108 444 1172 τὰ
471 1104 694 1192 πεπραγμένα.
740 1105 805 1192 “πη
838 1101 1013 1191 παρέβην
1045 1115 1113 1172 τῶν
1145 1110 1229 1195 πρὸς

211 1215 362 1299 εῦροιαν;
387 1215 428 1277 τί
452 1210 564 1296 ἔρεξα
590 1211 611 1296 ἣ
634 1213 757 1297 ἄφιλον
780 1210 801 1295 ἢ
825 1211 1051 1295 ἀκοινώνητον
1073 1212 1095 1298 ἢ
1119 1214 1228 1296 ἀγνω-

212 1342 291 1403 μον;
314 1321 354 1384 τί
374 1342 439 1402 μοι
463 1316 555 1384 ῦέον
578 1317 649 1383 οὐκ
672 1314 859 1402 ἐτελέσθη
882 1320 966 1405 πρὸς
987 1317 1118 1399 ταῦτα;’
1241 1341 1262 1380 ιο

157 1440 192 1489 36
283 1425 451 1509 Τοσαύτης
469 1419 532 1490 οὖν
550 1426 713 1511 διαφορᾶς
730 1424 832 1509 οῦσης
850 1434 918 1490 τῶν
934 1421 1229 1511 ἐπιθυμουμένων,

211 1540 279 1596 τῶν
302 1531 420 1617 ἔργων,
448 1540 515 1596 τῶν
538 1531 645 1617 εὐχῶν
669 1532 716 1596 ἔτι
739 1529 849 1608 θέλεις
872 1533 909 1596 τὸ
934 1536 1009 1596 ίσον
1032 1532 1121 1616 ἔχειν
1146 1529 1229 1596 ἐκεί-

211 1633 295 1721 νοις,
317 1635 393 1725 περὶ
411 1637 432 1702 ἃ
451 1640 493 1703 σὺ
512 1633 574 1722 μὲν
592 1636 655 1702 οῦκ
673 1635 891 1720 ἐσπούδακας,
914 1635 1035 1703 ἐκείνοι
1054 1633 1086 1702 δ’
1109 1634 1229 1704 ἐσπου-

158 1757 193 1807 37
213 1741 367 1822 ῦάκασινς
397 1737 468 1808 εἶτα
496 1742 693 1828 θαυμάζεις,
720 1738 803 1807 είσ’
832 1740 1000 1826 ἐλεοῦσιν,
1026 1739 1082 1808 καὶ
1106 1741 1230 1826 ἀγανα-
1290 1745 1291 1778 λ

211 1861 312 1928 κτείς,
332 1845 496 1914 ίκεῖνοιῦ
516 1848 578 1914 οῦκ
591 1847 848 1931 ἀγανακτοῦσιν,
865 1849 898 1912 εί
914 1849 956 1912 σὺ
975 1846 1096 1924 αὐτοῦς
1117 1846 1228 1927 ἐλεείς.
1242 1871 1261 1909 υ

213 1955 269 2020 διὰ
291 1957 336 2033 τίς
360 1954 412 2019 ὅτι
435 1953 555 2020 ἐκείνοι
578 1950 640 2038 μὲν
661 1951 873 2037 πεπεισμένοι
892 1955 989 2038 είσίν,
1012 1954 1064 2020 ὅτι
1086 1953 1228 2038 ἀγαθῶν

157 2076 193 2125 38
210 2059 449 2145 τυγχάνουσιν,
476 2061 518 2124 σὺ
547 2055 577 2124 δ’
609 2060 650 2125 οῦ
677 2058 839 2126 πέπεισαι.
889 2059 945 2124 διὰ
971 2069 1069 2125 τοῦτο
1100 2063 1143 2126 σὺ
1169 2057 1228 2145 μὲν
1289 2047 1290 2111 ἀ

213 2164 275 2231 οῦκ
298 2164 380 2251 ἀρκῇ
404 2173 473 2242 τοῖς
496 2176 578 2250 σοίς,
601 2162 673 2230 ἀλλ’
696 2165 827 2251 ἐφίεσαι
843 2175 911 2230 τῶν
929 2164 1079 2230 ἐκείνων·
1105 2165 1229 2233 ἐκεῖνοι

213 2265 244 2336 δ’
271 2265 454 2357 ἀρκοῦνται
477 2283 548 2349 τοῖς
575 2269 703 2338 ἑαυτῶν
724 2270 780 2338 καὶ
803 2272 865 2337 οῦκ
888 2268 1035 2357 ἐφιένται
1057 2282 1127 2338 τῶν
1150 2283 1228 2338 σῶν.

213 2376 286 2444 ἐπεί
305 2400 356 2444 τοι
379 2380 411 2443 εί
427 2389 498 2456 ταῖς
516 2377 689 2464 ἀληθείαις
706 2377 869 2463 ἐπέπεισο,
892 2377 942 2443 ὅτι
960 2376 1036 2465 περὶ
1053 2378 1094 2444 τὰ
1113 2378 1227 2464 ἀγαθὰ
1239 2399 1259 2440 ιο

213 2487 255 2550 σὺ
274 2484 292 2551 ὁ
316 2483 544 2571 ἐπιτυγχάνων
563 2478 605 2568 εί,
628 2483 749 2550 ἐκείνοι
769 2482 799 2550 θ’
823 2483 1126 2570 ἀποπεπλάνηνται,
1149 2480 1225 2552 οὐδ’

211 2589 255 2655 ἀν
277 2589 457 2676 ἐνεθυμοῦ,
479 2594 514 2655 τί
533 2587 668 2674 λέγουσι
689 2587 766 2676 περὶ
788 2599 858 2656 σοῦ.

1285 2705 1286 2763 λ

303 2822 369 2887 leq.
388 2817 423 2873 of.
443 2817 522 2872 Stob.
541 2816 593 2872 ecl.
611 2817 645 2884 ΙΙ,
665 2823 690 2887 7,
711 2822 778 2872 11¹⁸:
802 2823 839 2890 τῷ
857 2848 871 2857 ·
889 2817 992 2888 ψεύδει
1013 2817 1081 2874 ποτὲ
1105 2820 1227 2891 συγχρή-

212 2889 315 2941 σεοθαι
331 2890 492 2957 νομίζουσιν
511 2887 598 2942 αὐτὸν
617 2887 676 2955 (τὸν
695 2887 798 2958 σοφὸν)
815 2887 888 2942 κατὰ
906 2889 1024 2951 πολλοῦς
1041 2887 1172 2958 τρίπους.
1284 2855 1285 2928 ἀ

287 2963 318 3010 11
330 2975 391 3026 sqq.
410 2958 442 3012 ef.
460 2957 548 3014 Ench.
563 2964 606 3026 25,
621 2964 645 3026 1,
661 2965 677 3013 2
696 2962 766 3028 (πῶς
779 2958 832 3029 γὰρ
847 2961 908 3013 ἴσον
923 2958 997 3029 ἔχειν
1016 2959 1138 3015 δύναται
1158 2961 1225 3032 ὁμὴ

212 3035 318 3096 φοιτῶν
338 3022 384 3082 ἐπὶ
402 3027 496 3098 θῦρας
513 3029 589 3092 τινὸς
607 3034 644 3100 τῷ
663 3037 796 3098 φοιτῶντι
815 3033 892 3101 κτλ).
1282 2987 1284 3090 ί

212 3159 425 3166 *m

286 3247 301 3294 ³
321 3237 381 3312 (ἢ)
401 3241 498 3295 τεῦτλα
524 3243 533 3310 λ
561 3245 577 3292 9
595 3237 612 3308 ἢ
632 3241 763 3313 ἄγνωμον
782 3246 863 3315 (corr.
887 3261 921 3300 ex
943 3241 960 3310 ἢ
980 3242 1140 3312 ἀγγνωμον)
1160 3245 1226 3300 aad.

209 3325 246 3364 m.
256 3327 302 3378 pr.
329 3313 339 3378 ΙΙ
366 3316 399 3364 12
414 3305 489 3382 (ἐν)
507 3305 625 3373 ἐκείνοις
643 3312 728 3369 Schw.
