2650 3930
126 189 176 248 (11,
193 194 225 246 ιτ,
240 189 329 241 ει-εε)
418 181 572 234 ΒΙΒΛΙΟΝ
589 181 790 234 ΔΕΥΤΕΡΟΝ.
814 180 860 246 ιζ’.
1084 181 1145 245 163

127 340 308 426 πράγματα
331 340 375 418 όις
399 339 579 424 ἐλεύθερον
602 338 658 406 καὶ
686 342 734 418 είς
754 343 815 407 τὸν
837 341 988 427 οὐρανὸν,
1007 340 1145 425 ἀναβλέ-

128 468 209 512 πειν
232 445 277 522 ὡς
299 447 400 530 φίλον
423 455 482 511 τοῦ
505 451 590 512 θεοῦ
612 442 717 530 μηδὲν
739 447 953 532 φοβούμενον
975 458 1042 514 τῶν
1063 464 1145 532 συμ-

130 556 233 637 βῆναι
257 549 475 634 δυναμένων.’
518 551 654 629 δειξάτω
678 576 728 629 τις
749 552 843 636 ὑμῶν
861 553 963 620 αὐτὸν
981 563 1146 638 τοιοῦτον,
1164 570 1197 619 3ο

130 654 178 723 ἵν’
201 663 295 722 είπω·
320 659 431 742 ἔρχου,
453 660 618 741 νεανίσκε,
636 659 684 734 είς
701 658 741 722 τὰ
760 657 814 723 σά·
839 657 893 725 σοὶ
911 660 974 745 γάρ
993 661 1144 744 εἵμαρται

96 770 297 846 εκοσμῆσαι
324 764 545 848 φιλοσοφίαν,
577 763 619 827 σά
649 761 719 828 ἐστι
745 772 848 829 ταῦτα
876 765 959 848 <τά>
985 768 1145 849 κτήματα,

130 870 176 934 σά
203 868 243 932 τὰ
270 871 400 952 βιβλία,
428 866 483 934 σοὶ
505 868 541 934 οί
561 871 664 951 λόγοι.
709 863 791 953 εἶθ’,
814 868 895 934 ὅταν
917 880 1070 938 τοιοῦτον
1093 869 1143 934 ἐκ·
1163 887 1196 936 31

130 976 263 1059 πονηση
289 971 345 1038 καὶ
372 976 565 1060 καταθληση
593 977 650 1041 τὸν
677 976 796 1058 τόπον,
827 976 928 1041 πάλιν
955 973 1066 1041 ἐλθών
1089 999 1145 1058 μοι

132 1079 267 1145 εἰπάτω·
298 1078 373 1163 “έγὼ
400 1078 490 1146 θέλω
517 1076 579 1165 μὲν
608 1077 664 1146 καὶ
687 1079 826 1165 ἀπαθὴς
840 1077 927 1147 εἶναι
949 1080 1004 1147 καί
1027 1079 1145 1165 ἀτάρα-

132 1208 200 1271 χος,
230 1183 321 1250 θέλω
345 1182 375 1250 δ’
402 1186 447 1262 όις
469 1186 607 1271 εὐσεβὴς
629 1183 684 1251 καλ
707 1189 891 1272 φιλόσοφος
913 1184 969 1252 καὶ
991 1185 1145 1270 ἐπιμελὴς

86 1312 118 1352 ιο
132 1289 257 1356 εἰδέναι
280 1293 315 1356 τί
335 1315 392 1375 μοι
413 1294 497 1377 πρὸς
519 1292 621 1369 θεούς
644 1291 713 1358 έστι
734 1298 901 1376 καθῆκον,
931 1296 965 1358 τί
984 1294 1067 1378 πρὸς
1089 1316 1144 1376 γο-

131 1407 212 1479 νεῖς,
234 1400 270 1462 τί
289 1398 372 1482 πρὸς
393 1394 571 1481 ἀδελφούς,
594 1400 629 1462 τί
648 1400 731 1481 πρὸς
753 1399 815 1481 τὴν
832 1399 985 1484 πατρίδα,
1008 1401 1043 1462 τί
1062 1401 1145 1482 πρὸς

132 1500 270 1580 ξένους.’
315 1504 413 1587 ἔρχου
436 1499 492 1566 καὶ
516 1500 567 1568 έπλ
592 1504 651 1568 τὸν
675 1503 832 1586 δεύτερον
854 1506 970 1569 τόπον·
994 1507 1053 1580 σός
1075 1503 1143 1568 ἐστι
1162 1521 1196 1570 33

131 1606 188 1673 καὶ
211 1603 317 1684 οὗτος.
363 1603 446 1672 “ἀλλ’
467 1609 532 1690 ἤδη
550 1603 606 1672 καὶ
628 1607 687 1672 τὸν
706 1607 863 1693 δεύτερον
885 1611 988 1674 τόπον
1011 1607 1143 1693 ε’κμεμε-
1163 1627 1196 1675 33

131 1711 261 1796 λέτηκα.
305 1714 432 1796 ἤθελον
455 1710 485 1777 δ’
509 1711 665 1797 ἀσφαλῶς
682 1713 813 1798 (ἔχειν)
832 1711 888 1779 καὶ
907 1713 1066 1791 ἀσείστως
1087 1712 1143 1779 καὶ

89 1839 118 1880 ιι
131 1819 172 1886 ού
200 1820 305 1903 μόνον
333 1817 535 1902 ἐγρηγορώς,
563 1816 647 1882 ἀλλά
674 1816 728 1884 καὶ
755 1819 933 1883 καθεύδων
959 1817 1015 1884 καὶ
1044 1820 1142 1885 οίνω-

130 1923 230 2009 μένος
256 1921 311 1989 καλ
339 1922 376 1988 ἐν
403 1922 623 2011 μελαγχολίᾳ]
669 1926 710 1990 σὺ
738 1925 819 2001 θεὸς
846 1919 890 2008 εί,
919 1918 945 1988 όν
973 1926 1142 2010 άνθρωπε,
1231 1966 1234 1972 -

130 2035 172 2097 σὺ
197 2030 340 2114 μεγάλας
362 2032 447 2115 ἔχεις
469 2029 632 2114 ἐπιβολάς.
1022 2031 1025 2038 ’

199 2137 263 2200 Ού·
293 2131 364 2200 ἀλλ’
390 2133 467 2218 “ίγὼ
493 2133 583 2201 θέλω
612 2146 754 2222 γνῶναι,
781 2140 816 2202 τί
840 2135 927 2220 λέγει
951 2137 1142 2221 Χρύσιππος
1161 2154 1195 2203 34

130 2240 168 2307 έν
192 2252 261 2318 τοῖς
283 2237 441 2328 περὶτοῦ
467 2239 698 2325 ψευδομένου’.
744 2241 806 2307 οὐκ
832 2240 961 2326 ἀπάγξῃ
983 2245 1062 2327 μετά
1086 2253 1142 2326 τῆς

90 2366 116 2406 20
130 2346 287 2432 ἐπιβολῆς
309 2348 440 2431 ταύτης,
461 2347 575 2426 τάλας;
598 2344 654 2412 καλ
677 2349 711 2412 τί
727 2363 781 2412 σοι
799 2349 919 2432 ὄφελος
937 2350 1041 2427 έσται;
1064 2368 1141 2414 πεν-

129 2459 205 2519 θῶν
232 2452 320 2518 άπαν
348 2450 525 2538 ἀναγνώσῃ
553 2450 609 2517 καὶ
636 2450 767 2538 τρέμων
794 2455 876 2538 πρὸς
904 2452 1026 2529 ἄλλους
1049 2452 1140 2537 ἐρεῖς.

129 2558 217 2624 οὕτω
240 2555 295 2624 καὶ
318 2557 412 2642 ὑμεῖς
433 2569 565 2624 ποιεῖτε.
611 2556 733 2635 “θε’λεις
756 2557 890 2642 ἀναγνῶ
913 2573 978 2636 σοι,
1002 2556 1138 2642 ἀδελφέ·
1158 2575 1192 2625 35

128 2661 245 2730 καὶσὺ
265 2661 364 2749 έμοί;’
389 2665 611 2748 (θαυμαστῶς,
634 2665 803 2748 άνθρωπε,
822 2662 987 2749 γράφεις·’
1009 2659 1064 2728 καὶ
1086 2663 1138 2729 “σὺ

128 2769 278 2854 μεγάλως
300 2772 348 2847 είς
370 2772 430 2836 τὸν
452 2769 669 2855 Ξενοφῶντος
695 2767 906 2855 χαρακτηρά,
934 2767 988 2833 “σὺ
1012 2770 1058 2847 είς
1080 2771 1139 2835 τὸν

87 2892 113 2933 ιε
129 2874 334 2959 Πλάτωνος’,
362 2875 415 2941 εσὺ
443 2876 491 2952 είς
519 2877 577 2941 τὸν
596 2872 848 2952 Ἀντισθένους.
894 2869 955 2938 εἶτ’
984 2872 1139 2960 ἀλληλοις
1158 2893 1191 2944 36

129 2980 280 3067 ὀνείρους
307 2981 556 3066 διηγησάμενοι·
571 2981 672 3047 πάλιν
702 2979 754 3046 ἐπὶ
777 2981 880 3046 ταύτὰ
903 2978 1137 3066 ίπανέρχεσθε·

128 3087 283 3163 ὡσαύτως
302 3084 473 3173 ὀρέγεσθε,
495 3086 651 3164 ὡσαύτως
670 3080 845 3171 ἐκκλίνετε,
866 3086 988 3171 ὁμοίως
1007 3086 1137 3172 ὁρμᾶτε,

197 3381 310 3454 ό<τά>
327 3384 412 3437 ἐπει
451 3385 461 3450 11
503 3388 536 3436 14
555 3379 673 3454 (ἔχειν)
697 3383 749 3436 ιάε.
774 3381 822 3450 Sei
845 3384 936 3440 κτεοίο
963 3400 1001 3438 αα
1026 3391 1136 3453 praeter

124 3470 181 3508 rem
220 3453 230 3521 ΙΙ
270 3453 402 3515 ἀσείστως
429 3453 518 3519 Wolf:
546 3453 646 3514 ἀσίτως
665 3451 700 3520 S;
723 3451 817 3515 άσιτος
843 3453 873 3514 8,
912 3457 921 3518 ΙΙ
964 3461 996 3509 19
1016 3453 1137 3524 ἀπάγξει

125 3525 158 3580 S:
177 3539 247 3579 τοτε.
266 3539 280 3579 ε
306 3527 315 3594 η
343 3529 376 3578 26
392 3527 468 3592 (etp,
485 3527 544 3591 164,
560 3529 574 3575 1
591 3525 642 3592 bis)
661 3530 749 3578 ταῦτα
764 3523 796 3578 S:
816 3539 885 3579 corr.
900 3523 981 3591 Wolf

923 3612 977 3663 11*
