2636 3922
153 161 195 227 86
299 165 482 216 ΑΡΡΙΑΝΟΤ
499 165 574 217 ΤΩΝ
591 159 809 217 ΕΠΙΚΤΗΤΟΤ
826 163 1021 218 ΔΙΑΤΡΙΒΩΝ

99 339 132 390 19
151 325 233 410 πρὸς
256 328 390 391 σκοπόν.
436 326 540 411 ὑμεῖςΙ
558 322 588 390 δ’
615 322 710 390 αὐτοὶ
734 327 768 392 ολ
795 326 853 403 τάς
876 327 1049 409 αἰσθήσεις
1071 323 1165 390 ἀναι-

151 439 289 516 ροῦντες
311 431 392 496 ἀλλο
415 455 447 496 τι
469 443 608 511 ποιεῖτε;
639 436 687 509 τίς
715 432 809 516 ὑμῶν
833 434 881 509 είς
903 435 1081 516 βαλανεῖον
1104 429 1166 496 ἀπ-

98 553 132 602 20
151 543 266 603 ελθείν
285 535 397 602 θέλον
420 539 467 615 εἰς
489 543 626 621 μυλῶνα
649 538 793 621 ἀπῆλθα
819 575 860 584 -
885 540 928 602 Τί
947 532 1025 616 οὖν;
1049 537 1090 604 οὐ
1114 539 1169 602 δεῖ

149 643 232 709 κατὰ
256 644 401 738 δύναμιν
419 641 475 708 καὶ
493 646 620 709 τούτων
639 642 849 730 ἀντέχεσθαι,
866 653 927 709 τοῦ
945 643 1166 728 τηρῆσαι-τὴν

151 751 354 834 συνήθειαν,
386 760 446 816 τοῦ
473 751 663 836 πεφράχθαι
691 752 773 835 πρὸς
805 751 845 814 τδι
877 747 947 815 κατ’
978 750 1092 833 αὐτῆςς
1120 785 1158 796 -
1191 769 1205 810 ι

98 871 131 919 21
151 853 218 921 Καί
244 860 294 934 τίς
317 855 495 940 ἀντιλέγεις
526 855 610 922 ἀλλά
637 859 697 922 τὸν
725 857 930 941 δυνάμενον,
962 858 1022 921 τὸν
1049 855 1170 941 σχολά-

151 965 260 1041 ζοντα·
290 965 350 1029 τὸν
373 959 411 1028 δὲ
433 962 596 1049 τρέμοντα
622 961 677 1029 καὶ
697 966 946 1049 ταρασσόμενον
965 959 1021 1027 καὶ
1044 961 1169 1047 ῥηγνύ-

131 1089 133 1094 ·
149 1092 251 1151 μενον
266 1070 395 1134 ἔσωθεν
408 1070 470 1152 τὴν
484 1071 625 1156 καρδίαν
642 1071 732 1158 ἀλλφ
747 1067 814 1135 τινὶ
831 1070 886 1136 δεῖ
901 1078 1166 1154 προσευκαιρείν.

171 1489 238 1574 πη’.·
272 1489 353 1557 Ὅτι
381 1493 427 1558 οὐ
454 1494 518 1559 δεί
544 1495 801 1578 χαλεπαίνειν
825 1491 1056 1576 ἀνθρώποις
1078 1491 1143 1560 παλ

115 1659 116 1662 ,
211 1600 301 1662 τίνα
324 1599 368 1663 τὰ
391 1600 509 1684 μιπρά
531 1595 597 1663 καὶ
619 1597 770 1680 μεγάλα
797 1595 838 1662 έν
861 1597 1102 1683 ἀνθρώποις.
1181 1603 1209 1643 ¹⁰

115 1755 129 1802 1
221 1742 263 1803 Τί
283 1738 374 1804 έστιν
392 1745 578 1805 αἴτιοντοῦ
602 1740 910 1821 συχιιατατίθεσθαί
922 1760 1004 1815 τινι;
1028 1740 1066 1803 τὸ
1088 1741 1166 1822 φαί-

46 1901 51 1908 .
114 1851 269 1911 ννεσθαι
293 1845 343 1910 ὅτι
365 1844 514 1931 ὑπάρχει.
559 1853 604 1932 τῷ
634 1838 697 1909 οὖν
720 1841 912 1931 φαινομένῳ
941 1844 991 1909 ὅτι
1020 1843 1080 1928 οὐχ
1103 1845 1166 1908 ὑπ-

150 1951 252 2036 ἀρχει,
276 1955 578 2033 συγκατατίθεσθαι
611 1949 672 2036 οὐχ
704 1941 779 2015 οἷόν
810 1973 854 2014 τε.
904 1951 959 2015 διά
986 1954 1031 2029 τίς
1066 1950 1117 2017 ὅτι
1143 1952 1164 2035 ἡ

149 2057 250 2141 φύσις
273 2055 354 2139 αὕτη
379 2055 448 2120 ἐστὶ
466 2066 523 2140 τῆς
551 2058 700 2132 διανοίας
726 2067 795 2132 τοῖς
822 2051 884 2140 μέν
910 2055 1074 2139 ἀληθέσιν
1097 2056 1165 2122 έπι-

150 2163 272 2245 νεύειν,
290 2174 359 2238 τοῖς
380 2158 417 2227 δὲ
435 2161 573 2241 ψευδέσι
594 2164 821 2248 δυσαρεσπελν,
843 2165 925 2245 πρὸς
944 2159 982 2228 δέ
1000 2165 1041 2228 τὰ
1058 2163 1166 2247 ἀίδηλα
1182 2184 1208 2224 ιι

114 2265 289 2353 σέπέχειν.
335 2271 384 2345 τίς
412 2269 534 2334 τούτου
563 2272 685 2347 πίστις;
718 2269 830 2353 maiae,
859 2271 891 2334 εί
919 2270 1073 2354 δύνασαι,
1101 2279 1166 2336 νῦν

151 2375 201 2439 ὅτι
233 2374 294 2454 νύξ
327 2374 438 2440 ἐστιν’
489 2375 550 2461 οάχ
580 2367 655 2441 οἷόν
684 2398 726 2441 τε.
778 2374 948 2441 (ἀπόπαθε
981 2376 1032 2442 ὅτι
1061 2375 1167 2462 ἡμέρα

150 2481 262 2547 ἐστίν’
308 2483 368 2569 οὐχ
393 2473 533 2548 οἷόντε.
579 2481 678 2547 “πάθε
706 2481 728 2566 ἣ
756 2480 909 2547 ἀπόπαθε
938 2481 1087 2550 ἀπὸτοῦ
1109 2482 1167 2569 ἀρ-

115 2606 132 2653 4
150 2590 242 2666 τίονς
265 2585 352 2655 εἶναι
374 2593 453 2667 τοὺς
475 2588 631 2675 ἀστέρος.’
678 2587 739 2674 οὐχ
758 2579 893 2654 οἷόντε.
940 2589 1020 2655 ὅταν
1038 2584 1100 2656 οάν
1118 2613 1168 2667 τις

152 2699 432 2778 σνχκατατίθχται
450 2703 496 2784 τῷ
514 2697 643 2780 ψεύδει,
663 2701 736 2760 ίσθι
755 2695 807 2760 ὅτι
826 2695 887 2761 οὐκ
904 2697 1028 2779 ἤθελεν
1049 2697 1212 2775 ψεύδοιτο

152 2793 436 2882 σνχκαταθέσθαι·
465 2811 568 2866 πάσα
591 2804 664 2888 χάρ
687 2802 791 2886 ψυχὴ
815 2802 964 2870 ἀκουσα
987 2801 1167 2888 στέρεται
1287 2880 1291 2887 ¹

151 2916 217 2989 τῆς
235 2904 442 2992 ἀληθείας,
460 2908 504 2984 ὡς
518 2906 607 2992 λέγει
622 2908 779 2973 Πλάτων’
798 2906 882 2973 ἀλλά
897 2907 1011 2987 ἔδοξεν
1026 2909 1114 2997 αὐτῷ
1127 2910 1166 2974 τὸ

222 3103 309 3166 22sq.
333 3098 367 3154 cf.
391 3098 463 3153 Plat.
484 3099 568 3169 Soph.
589 3119 615 3169 p.
635 3105 721 3154 2280:
750 3098 846 3170 ψυχήν
874 3120 905 3171 χε
920 3102 1009 3172 ’ἔσμεν
1037 3100 1165 3156 ἀκονσαν

150 3177 246 3224 πᾶσαν
264 3178 323 3224 πᾶν
342 3170 511 3239 ἀχνοοῢσαν.

152 3281 365 3290 .—-—--—-...-.

225 3346 329 3416 Ιπρδς
347 3345 453 3402 σκοπόν
472 3346 570 3402 δολία·
593 3306 802 3418 προνόπτωνθ
829 3350 839 3417 χ
871 3347 1078 3422 δσννήθειαν]
1097 3347 1166 3418 ἀλή-

151 3451 341 3507 θειαν-δολία.
382 3456 392 3523 ΙΙ
434 3458 467 3507 14
486 3451 557 3522 αὕτη
581 3454 670 3519 Wolf:
694 3435 764 3508 αίιτ*
783 3454 814 3523 S,
840 3453 911 3523 αὐτή
931 3455 961 3515 S„
988 3457 1011 3581 χ
1047 3460 1082 3509 20
1101 3471 1167 3524 συχ-

152 3522 337 3578 ιιατατίθεται
356 3523 388 3580 S:
406 3540 508 3580 eorm
539 3525 548 3593 ΙΙ
579 3523 722 3593 ψεαδεῖδ
750 3525 759 3593 ΙΙ
791 3530 823 3579 21
844 3522 971 3596 στερέσαι
