2636 3922
128 195 158 250 (Ι,
173 200 207 251 τε,
221 200 295 249 ε-ιτ,
309 195 332 245 ι)
400 186 553 237 BIBAION
570 185 728 238 ΠΡΩΤΟΝ.
748 183 805 241 ις’,
824 183 878 249 κζ’.
1106 182 1149 248 83

127 357 196 413 νῦν
230 343 267 411 δὲ
300 346 346 430 μὴ.
378 345 562 430 δυνάμενοί
594 368 682 422 τινες
712 348 772 411 τὸν
808 348 927 431 ψωμὸν
958 349 1150 413 καταπίνειν
1171 364 1204 411 16

129 450 292 530 σύνταξιν
310 449 533 536 ἀγοράσαντες
552 451 785 535 ἐπιβάλλονται
804 451 940 518 ἐσθίειν.
978 452 1034 516 διὰ
1052 461 1150 519 τοῦτο
1176 470 1179 476 ’

129 558 273 643 έμοῦσιν
300 556 321 641 ἢ
352 555 568 623 ἀπαιτοῦσιν·
601 553 671 624 εἶτα
703 560 843 644 στρόφοι
874 555 930 622 καὶ
958 558 1150 644 κατάρροιαι

130 662 189 730 καί
216 668 363 749 πυρετοί.
410 665 478 728 ἔδει
507 662 537 728 δ’
565 663 772 749 έφιστάνειν,
801 665 831 728 εί
858 665 1028 730 δύνανται.
1074 662 1146 730 ἀλλ’
1172 681 1203 729 17

101 771 171 836 οὲν
194 766 256 855 μὲν
275 773 403 856 θεωρίᾳ
421 768 541 856 ῥᾴδιον
564 768 727 854 ἐξελέγξαι
746 771 805 835 τὸν
825 770 886 835 οὐκ
909 771 1032 855 είδότα,
1055 769 1092 836 έν
1113 767 1151 836 δὲ

130 886 204 954 τοῖς
230 877 313 942 κατὰ
340 878 399 941 τὸν
428 877 505 960 βίον
533 876 609 941 οὔτε
636 874 771 963 παρέχει
800 873 919 940 ἑαυτόν
949 898 999 951 τις
1029 874 1151 964 ἐλέγχῳ

130 986 193 1049 τόν
220 981 249 1048 τ’
275 980 485 1065 ἐξελέγξοντα
508 991 680 1067 μισοῦμεν.
726 982 744 1048 ὁ
773 977 810 1046 δὲ
834 981 1014 1065 Σωκράτης
1037 984 1149 1065 ἔλεγεν
1171 999 1204 1048 18

131 1088 393 1167 ἀνεξέταστον
416 1091 507 1172 βίον
529 1089 578 1173 μὴ
603 1090 678 1171 ζῆν.

129 1493 192 1574 κζ’.
230 1499 424 1579 Ποσαχῶς
452 1493 495 1557 αί
520 1496 737 1578 φαντασίαι
764 1497 947 1575 γίνονται
975 1492 1039 1559 καὶ
1065 1499 1153 1561 τίνα

90 1627 119 1665 ιο
284 1603 476 1684 πρόχειρα
504 1601 601 1683 πρὸς
628 1598 746 1675 αὐτὰς
774 1602 1006 1684 βοηθήματα

461 1702 818 1790 παρασκευαστέον.

211 1849 388 1933 Τετραχῶς
403 1846 442 1910 αί
462 1849 642 1929 φαντασίαι
665 1848 816 1927 γίνονται
826 1825 927 1930 Ιἡμῖν·
956 1845 976 1930 ἢ
999 1809 1062 1932 γάρ
1085 1848 1155 1913 ἔστι
1174 1866 1187 1913 1

133 1954 210 2020 τινδι
236 1951 335 2036 <καὶ>
360 1951 447 2018 οὕτω
469 1956 625 2037 φαίνεται
659 1951 679 2036 ἢ
707 1951 768 2017 οὐκ
796 1953 876 2018 ὄντα
899 1948 979 2019 οὐδὲ
1002 1956 1154 2038 φαίνεται

134 2059 188 2125 ὅτι
220 2061 310 2124 ἔστιν
347 2058 368 2143 ἢ
401 2060 470 2123 ἔστι
502 2057 558 2123 καὶ
585 2058 627 2122 οὐ
656 2063 808 2143 φαίνεται
846 2058 866 2142 ἢ
899 2058 960 2124 οὐκ
997 2063 1066 2124 ἔστι
1096 2059 1152 2124 καὶ

92 2187 119 2227 ιι
134 2169 299 2250 φαίνεται.
336 2168 457 2230 λοιπὸν
474 2163 511 2230 έν
527 2172 608 2230 πᾶσι
629 2167 759 2258 τούτοιςΙ
776 2165 946 2251 εὐστοχεῖν
965 2167 1065 2252 ἔργον
1083 2165 1186 2231 ἐστὶν
1283 2147 1286 2154 ‚

134 2281 196 2338 τοῦ
218 2269 494 2356 πεπαιδευμένου.
541 2270 614 2336 ὅτι
643 2267 673 2334 δ’
700 2265 787 2356 ἀνῇ
814 2273 852 2336 τὸ
873 2274 1009 2355 βλίβον,
1037 2270 1152 2360 έκείνφ

135 2380 191 2444 δεί
210 2378 393 2463 προσάγειν
416 2378 478 2459 τὴν
496 2379 666 2460 βοήθειαν.
703 2378 735 2441 εί
752 2379 939 2460 σοφίσματα
956 2375 1041 2459 ἡμᾶς
1058 2380 1151 2461 Πυρ-

133 2485 259 2565 ρώνεια
287 2482 344 2549 καὶ
368 2479 591 2566 Ἀκαδημαϊκά
619 2482 658 2547 τὰ
685 2482 849 2565 θλίβοντά
877 2480 982 2563 ἐστιν,
1014 2479 1153 2558 ἐκείνοις

132 2589 355 2675 προσάγωμεν
378 2591 440 2673 την
463 2590 639 2672 βοηθειαντ
668 2588 699 2652 εί
721 2587 758 2651 αί
781 2595 849 2652 τῶν
874 2587 1076 2671 πραγμάτων
1097 2607 1184 2654 ιιι-ε

94 2717 120 2757 ιο
133 2699 334 2781 θανότητες,
365 2691 444 2760 καθ’
476 2695 515 2771 ἃς
542 2698 699 2778 φαίνεταί
722 2716 796 2758 τινα
824 2692 936 2777 ἀγαθά
968 2693 1029 2759 οὐκ
1059 2695 1151 2779 ὄντα,

133 2785 203 2868 έκελ
228 2804 290 2886 την
316 2804 483 2885 βοήθειαν
508 2803 667 2885 ζητῶμεν·
695 2801 726 2864 εί
752 2802 831 2877 ἔθος
849 2797 923 2865 ’ἐστὶ
950 2803 988 2866 τὸ
1014 2804 1151 2886 θλίβον,

131 2909 217 2993 πρὸς
244 2907 352 2973 έκεῖνο
383 2907 444 2989 τὴν
467 2908 630 2990 βοήθειαν
653 2905 862 2992 ἀνευρίσκειν
880 2904 1072 2992 πειρατέον.
1117 2912 1185 2975 τί4

205 3140 270 3202 λεη.
295 3133 331 3189 ολ
350 3134 422 3192 ΡΙοι.
446 3134 527 3204 Apol.
552 3135 626 3189 Socr.
647 3151 675 3202 p.
695 3140 764 3189 δὸτι
794 3133 808 3187 ὁ
832 3132 864 3188 δὲ
884 3132 1066 3200 ἀνεξέστατος
1088 3136 1149 3209 βίος

132 3206 164 3260 οδ
184 3205 283 3278 βιοοτδι,Ι
300 3205 454 3278 ἀνθρώπῳ.

204 3416 397 3472 Βάπεποῦσιν
416 3415 449 3473 S:
472 3434 541 3472 corr.
561 3417 590 3478 s„
620 3420 630 3486 β
664 3421 697 3469 10
717 3416 788 3472 αὐτὰ
807 3417 840 3472 S:
863 3433 932 3472 οοντ.
957 3416 1120 3471 Μιλοοκιίιιι
1138 3419 1148 3486 η

133 3538 203 3608 1εῆ
223 3539 253 3601 s,
277 3507 323 3595 i*
342 3539 364 3594 ε
380 3541 507 3608 (sortasse
524 3533 570 3608 ηις
587 3541 652 3594 τινα
669 3557 694 3595 v.
714 3542 761 3606 13)
794 3542 804 3607 η
836 3545 869 3592 13
889 3537 987 3661 (καὶ
998 3537 1069 3592 οιεω
1089 3538 1119 3598 ε,

950 3631 966 3679 ε
