<?xml version="1.0" encoding="UTF-8"?>
<!DOCTYPE html PUBLIC "-//W3C//DTD XHTML 1.0 Transitional//EN"
    "http://www.w3.org/TR/xhtml1/DTD/xhtml1-transitional.dtd">
<html xmlns="http://www.w3.org/1999/xhtml" xml:lang="en" lang="en">
 <head>
  <title>
</title>
<meta http-equiv="Content-Type" content="text/html;charset=utf-8" />
  <meta name='ocr-system' content='tesseract 3.04.00' />
  <meta name='ocr-capabilities' content='ocr_page ocr_carea ocr_par ocr_line ocrx_word'/>
</head>
<body>
  <div class='ocr_page' id='page_1' title='image "./dissertationesa00epicgoog/dissertationesa00epicgoog_0524.png"; bbox 0 0 2608 3928; ppageno 0'>
   <div class='ocr_carea' id='block_1_1' title="bbox 106 201 1120 269">
    <p class='ocr_par' dir='ltr' id='par_1_1' title="bbox 106 201 1120 269">
     <span class='ocr_line' id='line_1_1' title="bbox 106 201 1120 269; baseline 0.01 -19"><span class='ocrx_word' id='word_1_1' title='bbox 106 207 153 257; x_wconf 71' lang='lat' dir='ltr'>(Fr.</span> <span class='ocrx_word' id='word_1_2' title='bbox 168 212 202 267; x_wconf 87' lang='lat'><em>11,</em></span> <span class='ocrx_word' id='word_1_3' title='bbox 217 209 265 260; x_wconf 90' lang='lat'>111)</span> <span class='ocrx_word' id='word_1_4' title='bbox 501 201 727 254; x_wconf 77' lang='lat' dir='ltr'>FRAGMENTA.</span> <span class='ocrx_word' id='word_1_5' title='bbox 913 265 915 268; x_wconf 17' lang='lat'>¹</span> <span class='ocrx_word' id='word_1_6' title='bbox 1051 203 1120 269; x_wconf 82' lang='lat'><em>405</em></span> 
     </span>
    </p>
   </div>
   <div class='ocr_carea' id='block_1_2' title="bbox 105 359 1121 557">
    <p class='ocr_par' dir='ltr' id='par_1_2' title="bbox 105 359 1121 557">
     <span class='ocr_line' id='line_1_2' title="bbox 106 359 1121 450; baseline 0.005 -25"><span class='ocrx_word' id='word_1_7' title='bbox 106 361 209 444; x_wconf 87' lang='grc' dir='ltr'><em>ούσης</em></span> <span class='ocrx_word' id='word_1_8' title='bbox 233 359 287 426; x_wconf 83' lang='grc' dir='ltr'><em>καὶ</em></span> <span class='ocrx_word' id='word_1_9' title='bbox 314 371 383 440; x_wconf 82' lang='grc' dir='ltr'><em>πῶς</em></span> <span class='ocrx_word' id='word_1_10' title='bbox 411 363 602 447; x_wconf 87' lang='grc' dir='ltr'><em>διοικούσης</em></span> <span class='ocrx_word' id='word_1_11' title='bbox 628 364 668 427; x_wconf 78' lang='grc' dir='ltr'><em>τὰ</em></span> <span class='ocrx_word' id='word_1_12' title='bbox 691 363 752 428; x_wconf 81' lang='grc' dir='ltr'><em>ὅλα</em></span> <span class='ocrx_word' id='word_1_13' title='bbox 774 361 830 428; x_wconf 79' lang='grc' dir='ltr'><em>καὶ</em></span> <span class='ocrx_word' id='word_1_14' title='bbox 852 365 994 450; x_wconf 87' lang='grc' dir='ltr'><em>πότερον</em></span> <span class='ocrx_word' id='word_1_15' title='bbox 1017 366 1121 450; x_wconf 82' lang='grc' dir='ltr'><em>ούσης</em></span> 
     </span>
     <span class='ocr_line' id='line_1_3' title="bbox 105 465 998 557; baseline 0.001 -22"><span class='ocrx_word' id='word_1_16' title='bbox 105 465 126 549; x_wconf 75' lang='grc' dir='ltr'><em>ἢ</em></span> <span class='ocrx_word' id='word_1_17' title='bbox 149 468 204 551; x_wconf 75' lang='grc' dir='ltr'><em>μή,</em></span> <span class='ocrx_word' id='word_1_18' title='bbox 227 478 330 533; x_wconf 88' lang='grc' dir='ltr'><em>ταῦτα</em></span> <span class='ocrx_word' id='word_1_19' title='bbox 354 468 464 535; x_wconf 77' lang='grc' dir='ltr'><em>οὐκέτι</em></span> <span class='ocrx_word' id='word_1_20' title='bbox 488 469 669 553; x_wconf 78' lang='grc' dir='ltr'><em>ἀναγκαῖον</em></span> <span class='ocrx_word' id='word_1_21' title='bbox 691 476 998 557; x_wconf 74' lang='grc' dir='ltr'><em>πολυπραγμονεῑνς</em></span> 
     </span>
    </p>
   </div>
   <div class='ocr_carea' id='block_1_3' title="bbox 469 716 1119 806">
    <p class='ocr_par' dir='ltr' id='par_1_3' title="bbox 469 716 1119 806">
     <span class='ocr_line' id='line_1_4' title="bbox 469 716 1119 806; baseline 0.008 -24"><span class='ocrx_word' id='word_1_22' title='bbox 469 717 504 782; x_wconf 88' lang='lat'><em>11</em></span> <span class='ocrx_word' id='word_1_23' title='bbox 531 716 651 805; x_wconf 63' lang='grc' dir='ltr'><em>(εμπ.</em></span> <span class='ocrx_word' id='word_1_24' title='bbox 671 717 760 806; x_wconf 83' lang='lat'>135).</span> <span class='ocrx_word' id='word_1_25' title='bbox 1046 722 1119 788; x_wconf 81' lang='lat' dir='ltr'><em>MA</em></span> 
     </span>
    </p>
   </div>
   <div class='ocr_carea' id='block_1_4' title="bbox 99 854 606 944">
    <p class='ocr_par' dir='ltr' id='par_1_4' title="bbox 99 854 606 944">
     <span class='ocr_line' id='line_1_5' title="bbox 99 854 606 944; baseline 0.006 -23"><span class='ocrx_word' id='word_1_26' title='bbox 99 854 310 944; x_wconf 76' lang='grc' dir='ltr'><em>Ἀρριανοῦ</em></span> <span class='ocrx_word' id='word_1_27' title='bbox 329 857 606 944; x_wconf 87' lang='grc' dir='ltr'><em>Ἐπικτητείου.</em></span> 
     </span>
    </p>
   </div>
   <div class='ocr_carea' id='block_1_5' title="bbox 74 996 1117 1402">
    <p class='ocr_par' dir='ltr' id='par_1_5' title="bbox 103 996 1117 1303">
     <span class='ocr_line' id='line_1_6' title="bbox 165 996 1117 1089; baseline 0.009 -27"><span class='ocrx_word' id='word_1_28' title='bbox 165 996 201 1062; x_wconf 86' lang='lat'><em>‘0</em></span> <span class='ocrx_word' id='word_1_29' title='bbox 224 1012 294 1078; x_wconf 81' lang='grc' dir='ltr'><em>τοῦς</em></span> <span class='ocrx_word' id='word_1_30' title='bbox 312 1011 456 1086; x_wconf 90' lang='grc' dir='ltr'><em>παροῦσι</em></span> <span class='ocrx_word' id='word_1_31' title='bbox 474 1000 529 1068; x_wconf 80' lang='grc' dir='ltr'><em>καί</em></span> <span class='ocrx_word' id='word_1_32' title='bbox 548 1000 739 1087; x_wconf 77' lang='grc' dir='ltr'><em>δεδομένοις</em></span> <span class='ocrx_word' id='word_1_33' title='bbox 756 1002 822 1069; x_wconf 83' lang='grc' dir='ltr'><em>ὑπὸ</em></span> <span class='ocrx_word' id='word_1_34' title='bbox 841 1012 898 1087; x_wconf 77' lang='grc' dir='ltr'><em>τῆς</em></span> <span class='ocrx_word' id='word_1_35' title='bbox 915 1005 1015 1089; x_wconf 85' lang='grc' dir='ltr'><em>τύχης</em></span> <span class='ocrx_word' id='word_1_36' title='bbox 1036 1006 1117 1071; x_wconf 80' lang='grc' dir='ltr'><em>δυσ·</em></span> 
     </span>
     <span class='ocr_line' id='line_1_7' title="bbox 104 1105 1116 1198; baseline 0.007 -29"><span class='ocrx_word' id='word_1_37' title='bbox 104 1109 267 1190; x_wconf 81' lang='grc' dir='ltr'><em>χεραίναν</em></span> <span class='ocrx_word' id='word_1_38' title='bbox 296 1105 430 1191; x_wconf 76' lang='grc' dir='ltr'><em>ἰδιώτης</em></span> <span class='ocrx_word' id='word_1_39' title='bbox 457 1107 494 1173; x_wconf 80' lang='grc' dir='ltr'><em>ἐν</em></span> <span class='ocrx_word' id='word_1_40' title='bbox 521 1111 600 1198; x_wconf 77' lang='grc' dir='ltr'><em>βίῳ,</em></span> <span class='ocrx_word' id='word_1_41' title='bbox 630 1108 648 1174; x_wconf 88' lang='grc' dir='ltr'>ὁ</span> <span class='ocrx_word' id='word_1_42' title='bbox 677 1105 714 1173; x_wconf 71' lang='grc' dir='ltr'><em>δὲ</em></span> <span class='ocrx_word' id='word_1_43' title='bbox 742 1119 844 1176; x_wconf 90' lang='grc' dir='ltr'><em>ταῦτα</em></span> <span class='ocrx_word' id='word_1_44' title='bbox 871 1114 1031 1193; x_wconf 79' lang='grc' dir='ltr'><em>γενναίως</em></span> <span class='ocrx_word' id='word_1_45' title='bbox 1058 1109 1116 1196; x_wconf 81' lang='grc' dir='ltr'><em>φέ-</em></span> 
     </span>
     <span class='ocr_line' id='line_1_8' title="bbox 103 1209 1117 1303; baseline 0.007 -27"><span class='ocrx_word' id='word_1_46' title='bbox 103 1235 173 1296; x_wconf 82' lang='grc' dir='ltr'><em>ρων</em></span> <span class='ocrx_word' id='word_1_47' title='bbox 190 1209 246 1277; x_wconf 84' lang='grc' dir='ltr'><em>καὶ</em></span> <span class='ocrx_word' id='word_1_48' title='bbox 264 1212 463 1296; x_wconf 81' lang='grc' dir='ltr'><em>εὐλογίστως</em></span> <span class='ocrx_word' id='word_1_49' title='bbox 475 1214 515 1279; x_wconf 81' lang='grc' dir='ltr'><em>τὰ</em></span> <span class='ocrx_word' id='word_1_50' title='bbox 530 1211 584 1278; x_wconf 82' lang='grc' dir='ltr'><em>ἀπ’</em></span> <span class='ocrx_word' id='word_1_51' title='bbox 602 1215 712 1280; x_wconf 83' lang='grc' dir='ltr'><em>αὐτῶν</em></span> <span class='ocrx_word' id='word_1_52' title='bbox 727 1215 876 1302; x_wconf 85' lang='grc' dir='ltr'><em>&lt;ποιῦν&gt;</em></span> <span class='ocrx_word' id='word_1_53' title='bbox 891 1215 975 1303; x_wconf 78' lang='grc' dir='ltr'><em>ἀνὴρ</em></span> <span class='ocrx_word' id='word_1_54' title='bbox 990 1216 1117 1300; x_wconf 75' lang='grc' dir='ltr'><em>ἀγαθὸς</em></span> 
     </span>
    </p>

    <p class='ocr_par' dir='ltr' id='par_1_6' title="bbox 74 1316 415 1402">
     <span class='ocr_line' id='line_1_9' title="bbox 74 1316 415 1402; baseline 0.003 -18"><span class='ocrx_word' id='word_1_55' title='bbox 74 1316 192 1396; x_wconf 79' lang='grc' dir='ltr'><em>εύξιος</em></span> <span class='ocrx_word' id='word_1_56' title='bbox 213 1321 415 1402; x_wconf 78' lang='grc' dir='ltr'><em>νομίζεσθαι.</em></span> 
     </span>
    </p>
   </div>
   <div class='ocr_carea' id='block_1_6' title="bbox 453 1531 1116 1621">
    <p class='ocr_par' dir='ltr' id='par_1_7' title="bbox 453 1531 1116 1621">
     <span class='ocr_line' id='line_1_10' title="bbox 453 1531 1116 1621; baseline 0.006 -24"><span class='ocrx_word' id='word_1_57' title='bbox 453 1533 505 1597; x_wconf 88' lang='lat'><em>111</em></span> <span class='ocrx_word' id='word_1_58' title='bbox 535 1531 654 1618; x_wconf 59' lang='grc' dir='ltr'><em>(εμπ.</em></span> <span class='ocrx_word' id='word_1_59' title='bbox 677 1534 762 1621; x_wconf 83' lang='lat'>136).</span> <span class='ocrx_word' id='word_1_60' title='bbox 1017 1536 1116 1601; x_wconf 77' lang='grc' dir='ltr'><em>εΜΑ</em></span> 
     </span>
    </p>
   </div>
   <div class='ocr_carea' id='block_1_7' title="bbox 59 1639 1115 3030">
    <p class='ocr_par' dir='ltr' id='par_1_8' title="bbox 59 1639 1115 3030">
     <span class='ocr_line' id='line_1_11' title="bbox 107 1639 335 1705; baseline 0.004 -3"><span class='ocrx_word' id='word_1_61' title='bbox 107 1641 183 1703; x_wconf 86' lang='grc' dir='ltr'><em>Τοῦ</em></span> <span class='ocrx_word' id='word_1_62' title='bbox 206 1639 335 1705; x_wconf 89' lang='grc' dir='ltr'><em>αὐτοῦ.</em></span> 
     </span>
     <span class='ocr_line' id='line_1_12' title="bbox 169 1779 1113 1871; baseline 0.003 -26"><span class='ocrx_word' id='word_1_63' title='bbox 169 1781 287 1846; x_wconf 81' lang='grc' dir='ltr'><em>Πάντα</em></span> <span class='ocrx_word' id='word_1_64' title='bbox 304 1781 465 1848; x_wconf 82' lang='grc' dir='ltr'><em>ὑπακούει</em></span> <span class='ocrx_word' id='word_1_65' title='bbox 483 1790 528 1870; x_wconf 77' lang='grc' dir='ltr'><em>τῷ</em></span> <span class='ocrx_word' id='word_1_66' title='bbox 548 1784 660 1871; x_wconf 78' lang='grc' dir='ltr'><em>κόσμῳ</em></span> <span class='ocrx_word' id='word_1_67' title='bbox 679 1779 734 1847; x_wconf 83' lang='grc' dir='ltr'><em>καὶ</em></span> <span class='ocrx_word' id='word_1_68' title='bbox 755 1782 912 1867; x_wconf 79' lang='grc' dir='ltr'><em>ὑπηρετεῖ</em></span> <span class='ocrx_word' id='word_1_69' title='bbox 927 1781 983 1848; x_wconf 80' lang='grc' dir='ltr'><em>καὶ</em></span> <span class='ocrx_word' id='word_1_70' title='bbox 997 1792 1039 1868; x_wconf 77' lang='grc' dir='ltr'><em>γῆ</em></span> <span class='ocrx_word' id='word_1_71' title='bbox 1057 1783 1113 1848; x_wconf 83' lang='grc' dir='ltr'><em>καὶ</em></span> 
     </span>
     <span class='ocr_line' id='line_1_13' title="bbox 101 1885 1114 1975; baseline 0.002 -24"><span class='ocrx_word' id='word_1_72' title='bbox 101 1887 255 1952; x_wconf 77' lang='grc' dir='ltr'><em>θάλασσα</em></span> <span class='ocrx_word' id='word_1_73' title='bbox 273 1885 328 1952; x_wconf 82' lang='grc' dir='ltr'><em>καί</em></span> <span class='ocrx_word' id='word_1_74' title='bbox 346 1887 439 1970; x_wconf 75' lang='grc' dir='ltr'><em>ἥλιος</em></span> <span class='ocrx_word' id='word_1_75' title='bbox 457 1885 512 1952; x_wconf 83' lang='grc' dir='ltr'><em>καὶ</em></span> <span class='ocrx_word' id='word_1_76' title='bbox 531 1889 571 1953; x_wconf 78' lang='grc' dir='ltr'><em>τὰ</em></span> <span class='ocrx_word' id='word_1_77' title='bbox 588 1889 688 1954; x_wconf 80' lang='grc' dir='ltr'><em>λοιπὰ</em></span> <span class='ocrx_word' id='word_1_78' title='bbox 706 1890 810 1975; x_wconf 76' lang='grc' dir='ltr'><em>ἄστρα</em></span> <span class='ocrx_word' id='word_1_79' title='bbox 828 1886 884 1954; x_wconf 81' lang='grc' dir='ltr'><em>καὶ</em></span> <span class='ocrx_word' id='word_1_80' title='bbox 897 1888 937 1954; x_wconf 81' lang='grc' dir='ltr'><em>τὰ</em></span> <span class='ocrx_word' id='word_1_81' title='bbox 950 1896 1011 1972; x_wconf 86' lang='grc' dir='ltr'><em>γῆς</em></span> <span class='ocrx_word' id='word_1_82' title='bbox 1025 1890 1114 1973; x_wconf 78' lang='grc' dir='ltr'><em>φυτὰ</em></span> 
     </span>
     <span class='ocr_line' id='line_1_14' title="bbox 101 1988 1114 2083; baseline 0.005 -27"><span class='ocrx_word' id='word_1_83' title='bbox 101 1988 157 2056; x_wconf 82' lang='grc' dir='ltr'><em>καὶ</em></span> <span class='ocrx_word' id='word_1_84' title='bbox 181 1995 258 2081; x_wconf 72' lang='grc' dir='ltr'><em>ζῷα·</em></span> <span class='ocrx_word' id='word_1_85' title='bbox 282 1995 442 2061; x_wconf 82' lang='grc' dir='ltr'><em>ὑπακούει</em></span> <span class='ocrx_word' id='word_1_86' title='bbox 462 1990 498 2060; x_wconf 71' lang='grc' dir='ltr'><em>δὲ</em></span> <span class='ocrx_word' id='word_1_87' title='bbox 517 1995 606 2083; x_wconf 76' lang='grc' dir='ltr'><em>αὐτῷ</em></span> <span class='ocrx_word' id='word_1_88' title='bbox 629 1993 739 2060; x_wconf 79' lang='grc' dir='ltr'><em>καὶτὸ</em></span> <span class='ocrx_word' id='word_1_89' title='bbox 761 1993 921 2083; x_wconf 81' lang='grc' dir='ltr'><em>ἡμέτερον</em></span> <span class='ocrx_word' id='word_1_90' title='bbox 947 2005 1040 2079; x_wconf 81' lang='grc' dir='ltr'><em>σῶμα</em></span> <span class='ocrx_word' id='word_1_91' title='bbox 1059 1994 1114 2061; x_wconf 82' lang='grc' dir='ltr'><em>καί</em></span> 
     </span>
     <span class='ocr_line' id='line_1_15' title="bbox 74 2098 1115 2189; baseline 0.001 -23"><span class='ocrx_word' id='word_1_92' title='bbox 74 2107 227 2166; x_wconf 80' lang='grc' dir='ltr'><em>σνοσοῦν</em></span> <span class='ocrx_word' id='word_1_93' title='bbox 254 2098 309 2166; x_wconf 83' lang='grc' dir='ltr'><em>καλ</em></span> <span class='ocrx_word' id='word_1_94' title='bbox 336 2100 491 2184; x_wconf 73' lang='grc' dir='ltr'><em>ὑγιαῖνον</em></span> <span class='ocrx_word' id='word_1_95' title='bbox 498 2152 508 2186; x_wconf 86' lang='grc'>,</span> <span class='ocrx_word' id='word_1_96' title='bbox 535 2101 616 2166; x_wconf 81' lang='grc' dir='ltr'><em>ὅταν</em></span> <span class='ocrx_word' id='word_1_97' title='bbox 645 2100 769 2180; x_wconf 77' lang='grc' dir='ltr'><em>ἐκεῖνος</em></span> <span class='ocrx_word' id='word_1_98' title='bbox 791 2101 893 2189; x_wconf 77' lang='grc' dir='ltr'><em>θέλῃ,</em></span> <span class='ocrx_word' id='word_1_99' title='bbox 919 2099 975 2167; x_wconf 82' lang='grc' dir='ltr'><em>καί</em></span> <span class='ocrx_word' id='word_1_100' title='bbox 998 2103 1115 2181; x_wconf 81' lang='grc' dir='ltr'><em>νεάζον</em></span> 
     </span>
     <span class='ocr_line' id='line_1_16' title="bbox 100 2203 1113 2294; baseline 0.004 -24"><span class='ocrx_word' id='word_1_101' title='bbox 100 2203 155 2270; x_wconf 82' lang='grc' dir='ltr'><em>καὶ</em></span> <span class='ocrx_word' id='word_1_102' title='bbox 173 2217 287 2292; x_wconf 80' lang='grc' dir='ltr'><em>γηρῶν</em></span> <span class='ocrx_word' id='word_1_103' title='bbox 306 2204 362 2271; x_wconf 84' lang='grc' dir='ltr'><em>καὶ</em></span> <span class='ocrx_word' id='word_1_104' title='bbox 380 2208 437 2285; x_wconf 77' lang='grc' dir='ltr'><em>τὰς</em></span> <span class='ocrx_word' id='word_1_105' title='bbox 455 2208 556 2284; x_wconf 78' lang='grc' dir='ltr'><em>ἄλλας</em></span> <span class='ocrx_word' id='word_1_106' title='bbox 575 2209 791 2294; x_wconf 83' lang='grc' dir='ltr'><em>διερχόμενον</em></span> <span class='ocrx_word' id='word_1_107' title='bbox 809 2209 1002 2293; x_wconf 80' lang='grc' dir='ltr'><em>μεταβολάς.</em></span> <span class='ocrx_word' id='word_1_108' title='bbox 1036 2207 1113 2273; x_wconf 85' lang='grc' dir='ltr'><em>ούκ-</em></span> 
     </span>
     <span class='ocr_line' id='line_1_17' title="bbox 101 2310 1114 2400; baseline 0.004 -23"><span class='ocrx_word' id='word_1_109' title='bbox 101 2322 164 2378; x_wconf 93' lang='grc' dir='ltr'><em>οῦν</em></span> <span class='ocrx_word' id='word_1_110' title='bbox 188 2314 329 2396; x_wconf 86' lang='grc' dir='ltr'><em>εύλογον</em></span> <span class='ocrx_word' id='word_1_111' title='bbox 347 2316 419 2397; x_wconf 87' lang='grc' dir='ltr'><em>καί,</em></span> <span class='ocrx_word' id='word_1_112' title='bbox 437 2312 455 2378; x_wconf 88' lang='grc' dir='ltr'><strong><em>ὃ</em></strong></span> <span class='ocrx_word' id='word_1_113' title='bbox 475 2310 525 2398; x_wconf 81' lang='grc' dir='ltr'><em>ἐφ’</em></span> <span class='ocrx_word' id='word_1_114' title='bbox 549 2313 629 2397; x_wconf 77' lang='grc' dir='ltr'><em>ἡμῖν</em></span> <span class='ocrx_word' id='word_1_115' title='bbox 647 2313 727 2397; x_wconf 79' lang='grc' dir='ltr'><em>ἐστι,</em></span> <span class='ocrx_word' id='word_1_116' title='bbox 746 2313 896 2380; x_wconf 83' lang='grc' dir='ltr'><em>τουτέστι</em></span> <span class='ocrx_word' id='word_1_117' title='bbox 916 2316 977 2399; x_wconf 83' lang='grc' dir='ltr'><em>την</em></span> <span class='ocrx_word' id='word_1_118' title='bbox 990 2320 1114 2400; x_wconf 88' lang='grc' dir='ltr'><em>κρίσιν,</em></span> 
     </span>
     <span class='ocr_line' id='line_1_18' title="bbox 100 2417 1113 2506; baseline 0.003 -22"><span class='ocrx_word' id='word_1_119' title='bbox 100 2421 144 2503; x_wconf 80' lang='grc' dir='ltr'><em>μὴ</em></span> <span class='ocrx_word' id='word_1_120' title='bbox 178 2418 375 2485; x_wconf 78' lang='grc' dir='ltr'><em>ἀντιτείνειν</em></span> <span class='ocrx_word' id='word_1_121' title='bbox 402 2422 510 2504; x_wconf 91' lang='grc' dir='ltr'><em>μόνην</em></span> <span class='ocrx_word' id='word_1_122' title='bbox 536 2424 620 2506; x_wconf 86' lang='grc' dir='ltr'><em>πρὸς</em></span> <span class='ocrx_word' id='word_1_123' title='bbox 650 2420 766 2485; x_wconf 87' lang='grc' dir='ltr'><em>αὐτόν·</em></span> <span class='ocrx_word' id='word_1_124' title='bbox 803 2417 859 2485; x_wconf 84' lang='grc' dir='ltr'><em>καὶ</em></span> <span class='ocrx_word' id='word_1_125' title='bbox 887 2421 950 2505; x_wconf 86' lang='grc' dir='ltr'><em>γδιρ</em></span> <span class='ocrx_word' id='word_1_126' title='bbox 978 2424 1113 2506; x_wconf 80' lang='grc' dir='ltr'><em>ἰσχυρός</em></span> 
     </span>
     <span class='ocr_line' id='line_1_19' title="bbox 100 2522 1113 2613; baseline 0.003 -23"><span class='ocrx_word' id='word_1_127' title='bbox 100 2524 169 2591; x_wconf 76' lang='grc' dir='ltr'><em>ἐστι</em></span> <span class='ocrx_word' id='word_1_128' title='bbox 192 2522 247 2590; x_wconf 82' lang='grc' dir='ltr'><em>καὶ</em></span> <span class='ocrx_word' id='word_1_129' title='bbox 270 2530 434 2613; x_wconf 81' lang='grc' dir='ltr'><em>κρείσσων</em></span> <span class='ocrx_word' id='word_1_130' title='bbox 457 2525 511 2592; x_wconf 83' lang='grc' dir='ltr'><em>καὶ</em></span> <span class='ocrx_word' id='word_1_131' title='bbox 535 2527 673 2611; x_wconf 76' lang='grc' dir='ltr'><em>ἄμεινον</em></span> <span class='ocrx_word' id='word_1_132' title='bbox 691 2523 775 2612; x_wconf 75' lang='grc' dir='ltr'><em>ὑπὲρ</em></span> <span class='ocrx_word' id='word_1_133' title='bbox 788 2525 883 2610; x_wconf 81' lang='grc' dir='ltr'><em>ἡμῶν</em></span> <span class='ocrx_word' id='word_1_134' title='bbox 897 2529 1113 2612; x_wconf 79' lang='grc' dir='ltr'><em>βεβούλευται</em></span> 
     </span>
     <span class='ocr_line' id='line_1_20' title="bbox 59 2629 1112 2720; baseline 0.001 -22"><span class='ocrx_word' id='word_1_135' title='bbox 59 2661 85 2699; x_wconf 89' lang='lat'><em>10</em></span> <span class='ocrx_word' id='word_1_136' title='bbox 100 2633 180 2716; x_wconf 83' lang='grc' dir='ltr'><em>μετὰ</em></span> <span class='ocrx_word' id='word_1_137' title='bbox 208 2644 275 2698; x_wconf 85' lang='grc' dir='ltr'><em>τῶν</em></span> <span class='ocrx_word' id='word_1_138' title='bbox 303 2629 391 2698; x_wconf 83' lang='grc' dir='ltr'><em>δλαν</em></span> <span class='ocrx_word' id='word_1_139' title='bbox 421 2631 476 2698; x_wconf 85' lang='grc' dir='ltr'><em>καὶ</em></span> <span class='ocrx_word' id='word_1_140' title='bbox 498 2633 584 2719; x_wconf 82' lang='grc' dir='ltr'><em>ἡμᾶς</em></span> <span class='ocrx_word' id='word_1_141' title='bbox 611 2634 822 2699; x_wconf 82' lang='grc' dir='ltr'><em>συνδιοικῶν.</em></span> <span class='ocrx_word' id='word_1_142' title='bbox 867 2635 950 2720; x_wconf 82' lang='grc' dir='ltr'><em>πρὸς</em></span> <span class='ocrx_word' id='word_1_143' title='bbox 977 2630 1013 2699; x_wconf 70' lang='grc' dir='ltr'><em>δὲ</em></span> <span class='ocrx_word' id='word_1_144' title='bbox 1037 2635 1112 2700; x_wconf 89' lang='grc' dir='ltr'><em>τού-</em></span> 
     </span>
     <span class='ocr_line' id='line_1_21' title="bbox 97 2737 1111 2825; baseline 0.001 -20"><span class='ocrx_word' id='word_1_145' title='bbox 97 2762 167 2817; x_wconf 91' lang='grc' dir='ltr'><em>τοις</em></span> <span class='ocrx_word' id='word_1_146' title='bbox 198 2738 254 2805; x_wconf 84' lang='grc' dir='ltr'><em>καλ</em></span> <span class='ocrx_word' id='word_1_147' title='bbox 286 2739 306 2824; x_wconf 77' lang='grc' dir='ltr'><em>ἡ</em></span> <span class='ocrx_word' id='word_1_148' title='bbox 335 2738 526 2825; x_wconf 76' lang='grc' dir='ltr'><em>ἀντίπραξις</em></span> <span class='ocrx_word' id='word_1_149' title='bbox 563 2741 642 2825; x_wconf 83' lang='grc' dir='ltr'><em>μετὰ</em></span> <span class='ocrx_word' id='word_1_150' title='bbox 672 2749 732 2806; x_wconf 87' lang='grc' dir='ltr'><em>τοῦ</em></span> <span class='ocrx_word' id='word_1_151' title='bbox 762 2739 886 2823; x_wconf 82' lang='grc' dir='ltr'><em>ἀλόγου</em></span> <span class='ocrx_word' id='word_1_152' title='bbox 920 2737 975 2804; x_wconf 80' lang='grc' dir='ltr'><em>καὶ</em></span> <span class='ocrx_word' id='word_1_153' title='bbox 1008 2738 1111 2806; x_wconf 80' lang='grc' dir='ltr'><em>πλέον</em></span> 
     </span>
     <span class='ocr_line' id='line_1_22' title="bbox 98 2842 1112 2931; baseline 0.001 -21"><span class='ocrx_word' id='word_1_154' title='bbox 98 2842 200 2911; x_wconf 73' lang='grc' dir='ltr'><em>οὐδὲν</em></span> <span class='ocrx_word' id='word_1_155' title='bbox 226 2855 369 2912; x_wconf 88' lang='grc' dir='ltr'><em>ποιοῦσα</em></span> <span class='ocrx_word' id='word_1_156' title='bbox 396 2848 484 2931; x_wconf 76' lang='grc' dir='ltr'><em>πλὴν</em></span> <span class='ocrx_word' id='word_1_157' title='bbox 510 2849 547 2912; x_wconf 91' lang='grc' dir='ltr'><em>τὸ</em></span> <span class='ocrx_word' id='word_1_158' title='bbox 575 2848 728 2930; x_wconf 77' lang='grc' dir='ltr'><em>διακενῆς</em></span> <span class='ocrx_word' id='word_1_159' title='bbox 758 2852 906 2912; x_wconf 78' lang='grc' dir='ltr'><em>σπῦσδαι</em></span> <span class='ocrx_word' id='word_1_160' title='bbox 939 2843 994 2911; x_wconf 83' lang='grc' dir='ltr'><em>καὶ</em></span> <span class='ocrx_word' id='word_1_161' title='bbox 1021 2867 1112 2928; x_wconf 91' lang='grc' dir='ltr'><em>περι-</em></span> 
     </span>
     <span class='ocr_line' id='line_1_23' title="bbox 96 2951 722 3030; baseline 0.008 -16"><span class='ocrx_word' id='word_1_162' title='bbox 96 2955 228 3016; x_wconf 92' lang='grc' dir='ltr'><em>πίπτειν</em></span> <span class='ocrx_word' id='word_1_163' title='bbox 252 2953 387 3030; x_wconf 91' lang='grc' dir='ltr'><em>ὀδύναις</em></span> <span class='ocrx_word' id='word_1_164' title='bbox 409 2951 465 3018; x_wconf 85' lang='grc' dir='ltr'><em>καλ</em></span> <span class='ocrx_word' id='word_1_165' title='bbox 488 2956 606 3030; x_wconf 88' lang='grc' dir='ltr'><em>λύπαις</em></span> <span class='ocrx_word' id='word_1_166' title='bbox 627 2965 722 3019; x_wconf 81' lang='grc' dir='ltr'><em>ποιεῦ.</em></span> 
     </span>
    </p>
   </div>
   <div class='ocr_carea' id='block_1_8' title="bbox 96 3078 310 3086">
    <p class='ocr_par' dir='ltr' id='par_1_9' title="bbox 96 3078 310 3086">
     <span class='ocr_line' id='line_1_24' title="bbox 96 3078 310 3086; baseline 0.009 -2"><span class='ocrx_word' id='word_1_167' title='bbox 96 3078 260 3086; x_wconf 73' lang='lat'>--..——-.-.</span> <span class='ocrx_word' id='word_1_168' title='bbox 275 3081 310 3086; x_wconf 82' lang='lat'><em>..-</em></span> 
     </span>
    </p>
   </div>
   <div class='ocr_carea' id='block_1_9' title="bbox 95 3143 1112 3626">
    <p class='ocr_par' dir='ltr' id='par_1_10' title="bbox 95 3143 1112 3498">
     <span class='ocr_line' id='line_1_25' title="bbox 169 3143 1111 3218; baseline 0.006 -22"><span class='ocrx_word' id='word_1_169' title='bbox 169 3143 202 3198; x_wconf 90' lang='grc' dir='ltr'><em>Π.</em></span> <span class='ocrx_word' id='word_1_170' title='bbox 233 3147 304 3201; x_wconf 75' lang='lat' dir='ltr'><em>Stob.</em></span> <span class='ocrx_word' id='word_1_171' title='bbox 323 3148 382 3216; x_wconf 73' lang='grc' dir='ltr'><em>μοι.</em></span> <span class='ocrx_word' id='word_1_172' title='bbox 397 3150 461 3214; x_wconf 83' lang='grc'><em>108,</em></span> <span class='ocrx_word' id='word_1_173' title='bbox 476 3151 512 3202; x_wconf 84' lang='grc'><em>65</em></span> <span class='ocrx_word' id='word_1_174' title='bbox 539 3148 548 3216; x_wconf 75' lang='grc' dir='ltr'><em>ΙΙ</em></span> <span class='ocrx_word' id='word_1_175' title='bbox 576 3145 787 3216; x_wconf 81' lang='grc' dir='ltr'><em>1Ἐτιικτητίου</em></span> <span class='ocrx_word' id='word_1_176' title='bbox 806 3149 897 3203; x_wconf 68' lang='grc' dir='ltr'><em>τοῦδε</em></span> <span class='ocrx_word' id='word_1_177' title='bbox 916 3163 984 3201; x_wconf 82' lang='lat' dir='ltr'><em>corr.</em></span> <span class='ocrx_word' id='word_1_178' title='bbox 1000 3147 1085 3202; x_wconf 78' lang='lat' dir='ltr'><strong><em>Schw.</em></strong></span> <span class='ocrx_word' id='word_1_179' title='bbox 1102 3146 1111 3218; x_wconf 73' lang='grc' dir='ltr'>Η</span> 
     </span>
     <span class='ocr_line' id='line_1_26' title="bbox 96 3216 1112 3292; baseline 0.005 -25"><span class='ocrx_word' id='word_1_180' title='bbox 96 3221 114 3268; x_wconf 80' lang='grc'>4</span> <span class='ocrx_word' id='word_1_181' title='bbox 134 3216 280 3283; x_wconf 84' lang='grc' dir='ltr'><em>εύλογίστω</em></span> <span class='ocrx_word' id='word_1_182' title='bbox 303 3219 394 3272; x_wconf 79' lang='lat' dir='ltr'><em>codd..¹</em></span> <span class='ocrx_word' id='word_1_183' title='bbox 418 3234 486 3273; x_wconf 78' lang='lat' dir='ltr'><strong><em>corr.</em></strong></span> <span class='ocrx_word' id='word_1_184' title='bbox 512 3218 614 3273; x_wconf 71' lang='lat' dir='ltr'><strong><em>Gesner</em></strong></span> <span class='ocrx_word' id='word_1_185' title='bbox 649 3219 658 3286; x_wconf 83' lang='grc' dir='ltr'><em>ΙΙ</em></span> <span class='ocrx_word' id='word_1_186' title='bbox 696 3217 827 3292; x_wconf 86' lang='grc' dir='ltr'><em>&lt;ποιῶκ&gt;</em></span> <span class='ocrx_word' id='word_1_187' title='bbox 850 3219 964 3281; x_wconf 71' lang='grc' dir='ltr'><em>αδύιίλί,Ι</em></span> <span class='ocrx_word' id='word_1_188' title='bbox 983 3219 1112 3273; x_wconf 73' lang='lat' dir='ltr'><strong><em>lammam</em></strong></span> 
     </span>
     <span class='ocr_line' id='line_1_27' title="bbox 95 3286 1110 3359; baseline 0.003 -19"><span class='ocrx_word' id='word_1_189' title='bbox 95 3289 179 3341; x_wconf 64' lang='lat' dir='ltr'><em>sensit</em></span> <span class='ocrx_word' id='word_1_190' title='bbox 197 3286 296 3357; x_wconf 64' lang='grc' dir='ltr'><em>δείους</em></span> <span class='ocrx_word' id='word_1_191' title='bbox 316 3287 375 3359; x_wconf 82' lang='grc' dir='ltr'><em>[τὰ]</em></span> <span class='ocrx_word' id='word_1_192' title='bbox 390 3288 523 3343; x_wconf 81' lang='grc' dir='ltr'><em>ἀπαντῶν</em></span> <span class='ocrx_word' id='word_1_193' title='bbox 538 3289 629 3344; x_wconf 74' lang='lat' dir='ltr'><strong><em>Heme</em></strong></span> <span class='ocrx_word' id='word_1_194' title='bbox 652 3293 662 3358; x_wconf 78' lang='lat' dir='ltr'>ss</span> <span class='ocrx_word' id='word_1_195' title='bbox 684 3293 701 3342; x_wconf 81' lang='grc'><strong>5</strong></span> <span class='ocrx_word' id='word_1_196' title='bbox 715 3289 794 3356; x_wconf 75' lang='grc' dir='ltr'><em>ἄξιος</em></span> <span class='ocrx_word' id='word_1_197' title='bbox 805 3290 919 3345; x_wconf 67' lang='lat' dir='ltr'><em>Gesner:</em></span> <span class='ocrx_word' id='word_1_198' title='bbox 933 3289 1017 3354; x_wconf 85' lang='grc' dir='ltr'><em>ἀξίως</em></span> <span class='ocrx_word' id='word_1_199' title='bbox 1033 3291 1110 3345; x_wconf 72' lang='lat' dir='ltr'><strong><em>codd.</em></strong></span> 
     </span>
     <span class='ocr_line' id='line_1_28' title="bbox 97 3357 1110 3432; baseline 0.001 -19"><span class='ocrx_word' id='word_1_200' title='bbox 97 3361 161 3427; x_wconf 76' lang='lat' dir='ltr'><em>(quo</em></span> <span class='ocrx_word' id='word_1_201' title='bbox 184 3365 289 3414; x_wconf 80' lang='lat' dir='ltr'><strong><em>servato</em></strong></span> <span class='ocrx_word' id='word_1_202' title='bbox 316 3357 458 3429; x_wconf 79' lang='grc' dir='ltr'><em>νομίζεται</em></span> <span class='ocrx_word' id='word_1_203' title='bbox 476 3361 648 3415; x_wconf 75' lang='grc' dir='ltr'><em>εινίδαιιλανκ</em></span> <span class='ocrx_word' id='word_1_204' title='bbox 675 3377 728 3416; x_wconf 74' lang='lat' dir='ltr'><strong><em>esse</em></strong></span> <span class='ocrx_word' id='word_1_205' title='bbox 756 3363 914 3431; x_wconf 66' lang='lat' dir='ltr'><strong><em>suspicatur</em></strong></span> <span class='ocrx_word' id='word_1_206' title='bbox 936 3361 1040 3427; x_wconf 76' lang='lat' dir='ltr'><strong><em>Hense,</em></strong></span> <span class='ocrx_word' id='word_1_207' title='bbox 1064 3377 1110 3432; x_wconf 76' lang='grc' dir='ltr'><em>τρο</em></span> 
     </span>
     <span class='ocr_line' id='line_1_29' title="bbox 95 3427 386 3498; baseline 0.014 -16"><span class='ocrx_word' id='word_1_208' title='bbox 95 3427 253 3498; x_wconf 77' lang='grc' dir='ltr'><em>κομιζέσθω</em></span> <span class='ocrx_word' id='word_1_209' title='bbox 272 3431 386 3498; x_wconf 81' lang='lat' dir='ltr'><em>malim).</em></span> 
     </span>
    </p>

    <p class='ocr_par' dir='ltr' id='par_1_11' title="bbox 97 3500 1110 3626">
     <span class='ocr_line' id='line_1_30' title="bbox 166 3500 1110 3573; baseline 0.003 -20"><span class='ocrx_word' id='word_1_210' title='bbox 166 3500 213 3554; x_wconf 78' lang='lat'>111.</span> <span class='ocrx_word' id='word_1_211' title='bbox 243 3502 316 3556; x_wconf 79' lang='lat' dir='ltr'><em>stob.</em></span> <span class='ocrx_word' id='word_1_212' title='bbox 330 3504 390 3570; x_wconf 80' lang='lat' dir='ltr'><strong><em>flor.</em></strong></span> <span class='ocrx_word' id='word_1_213' title='bbox 407 3508 469 3571; x_wconf 83' lang='grc'><em>108,</em></span> <span class='ocrx_word' id='word_1_214' title='bbox 485 3507 522 3557; x_wconf 89' lang='grc'><em>66</em></span> <span class='ocrx_word' id='word_1_215' title='bbox 552 3505 562 3571; x_wconf 76' lang='grc' dir='ltr'><em>ΙΙ</em></span> <span class='ocrx_word' id='word_1_216' title='bbox 595 3509 608 3557; x_wconf 90' lang='grc'><strong>1</strong></span> <span class='ocrx_word' id='word_1_217' title='bbox 632 3506 689 3558; x_wconf 87' lang='grc' dir='ltr'><em>Τοῦ</em></span> <span class='ocrx_word' id='word_1_218' title='bbox 704 3503 791 3558; x_wconf 73' lang='grc' dir='ltr'><em>αὐτοῦ</em></span> <span class='ocrx_word' id='word_1_219' title='bbox 806 3503 881 3558; x_wconf 79' lang='lat' dir='ltr'><em>MA:</em></span> <span class='ocrx_word' id='word_1_220' title='bbox 898 3501 1042 3572; x_wconf 84' lang='grc' dir='ltr'><em>Ἀρριανοῦ</em></span> <span class='ocrx_word' id='word_1_221' title='bbox 1061 3501 1083 3556; x_wconf 79' lang='lat' dir='ltr'><strong><em>S</em></strong></span> <span class='ocrx_word' id='word_1_222' title='bbox 1100 3502 1110 3573; x_wconf 69' lang='grc' dir='ltr'><em>λλ</em></span> 
     </span>
     <span class='ocr_line' id='line_1_31' title="bbox 97 3571 355 3626; baseline 0.008 -2"><span class='ocrx_word' id='word_1_223' title='bbox 97 3575 113 3625; x_wconf 84' lang='lat'>8</span> <span class='ocrx_word' id='word_1_224' title='bbox 132 3571 273 3625; x_wconf 78' lang='grc' dir='ltr'><em>διατείνειν</em></span> <span class='ocrx_word' id='word_1_225' title='bbox 293 3573 355 3626; x_wconf 87' lang='lat' dir='ltr'><em>MA</em></span> 
     </span>
    </p>
   </div>
   <div class='ocr_carea' id='block_1_10' title="bbox 0 0 1308 3928">
    <p class='ocr_par' dir='ltr' id='par_1_12' title="bbox 0 0 1308 3928">
     <span class='ocr_line' id='line_1_32' title="bbox 0 0 1308 3928; baseline 0 2"><span class='ocrx_word' id='word_1_226' title='bbox 0 0 1308 3928; x_wconf 95' lang='lat' dir='ltr'><em> </em></span> 
     </span>
    </p>
   </div>
  </div>
 </body>
</html>
