2650 3930
202 208 266 272 196
342 207 525 259 ΔΡΡΙΑΝΟΤ
543 207 617 259 ΤΩΝ
636 206 853 258 ΕΠῘΚΤΗΤΟΤ
872 205 1067 258 ΔΙΑΤΡΙΒΩΝ

201 366 300 434 παντὶ
323 367 550 453 μεταδιώκειν,
573 364 649 452 περὶ
672 376 770 432 τοῦτο
795 364 1047 449 ἐσπουδακέναι,
1069 365 1222 451 πάρεργα

202 467 305 539 τάλλα
332 475 415 559 πρὸς
442 481 540 539 τοῦτο
564 471 804 557 πεποιημένον,
832 470 874 538 ού
896 470 1007 556 μέντοι
1031 469 1222 557 ἀμελοῦντα

150 596 184 645 35
204 577 278 648 οὐδ’
304 579 441 646 ἐκείνων
468 579 550 645 κατά
580 580 733 663 δύναμιν.
779 577 834 644 καὶ
857 579 920 666 γάρ
944 578 1132 663 ὀφθαλμῶν
1151 576 1223 643 ἐπι-

203 684 373 771 μελητέον,
391 681 464 751 ἀλλ’
486 680 547 770 οὐχ
566 685 611 762 ὡς
628 693 689 750 τοῦ
707 686 896 768 κρατίστου,
915 682 1072 750 ἀλλὰκαὶ
1091 685 1223 750 τούτων

204 793 260 859 διά
278 795 316 859 τὸ
334 793 526 879 κράτιστον·
546 792 596 856 ὅτι
611 789 718 857 έκεῖνο
733 789 795 858 ούκ
809 789 1000 869 ἀλλωςιέξει
1018 792 1223 876 κατὰφύσιν
1248 815 1261 854 ε

203 902 235 966 εί
261 900 305 985 μὴ
334 899 371 964 ἐν
398 900 529 975 τούτοις
556 896 773 982 εύλογιστοῦν
799 896 855 963 καὶ
882 898 921 964 τά
951 896 1045 984 ἔτερα
1067 898 1157 983 παρὰ
1179 898 1222 962 τὰ

204 1005 298 1094 ἕτερα
322 1007 532 1092 αἱρούμενον.

150 1129 184 1177 36
276 1114 320 1177 Τί
339 1106 402 1177 οὖν
426 1110 495 1176 ἐστι
521 1112 559 1177 τὸ
583 1115 778 1195 γινόμενον;
808 1101 882 1177 οἷον
910 1116 944 1176 εῖ
967 1134 1016 1186 τις
1042 1109 1150 1176 ἀπιὼν
1173 1112 1224 1187 εἰς

204 1218 266 1301 τὴν
288 1217 431 1302 πατρίδα
453 1216 515 1299 τὴν
535 1213 656 1283 ἑαυτοῦ
674 1215 733 1282 καλ
752 1217 917 1283 διοδεύων
939 1217 1140 1282 πανδοκεῖον
1163 1240 1223 1281 κα-

205 1325 266 1389 λὸν
290 1319 469 1408 ἀρέσαντος
492 1317 581 1410 αι’-τῷ
605 1332 667 1389 τοῦ
689 1323 892 1389 πανδοκείου
912 1321 1090 1407 καταμένοι
1114 1320 1151 1387 ἐν
1173 1331 1222 1410 τῷ
1238 1347 1263 1386 ιο

151 1445 186 1494 37
204 1430 401 1516 πανδοκείῳ.
447 1429 623 1514 ἀνθρωπε,
652 1427 819 1494 ἐπελάθου
849 1444 911 1494 σου
934 1438 992 1513 τῆς
1013 1426 1221 1515 προθέσεως·

205 1533 267 1602 ούκ
291 1537 338 1613 είς
359 1545 458 1601 τοῦτο
477 1535 610 1618 ὥδευες,
634 1535 718 1601 ἀλλά
738 1536 794 1600 διά
812 1536 942 1610 τούτου.
975 1533 1071 1600 ἀλλὰ
1090 1537 1222 1618 κομψὸν

205 1641 324 1709 τοῦτο’
369 1645 456 1708 πόσα
475 1637 505 1705 δ’
528 1641 612 1706 άλλα
630 1643 812 1706 πανδοκεῖα
832 1639 955 1724 κομψά,
977 1642 1077 1706 πόσοι
1096 1636 1133 1706 δέ
1157 1647 1223 1707 λει-

152 1765 186 1814 3⁸
205 1759 325 1834 μῶυες·
353 1747 464 1826 ἁπλῶς
490 1749 535 1825 ὡς
565 1747 686 1824 δίοδος.
731 1749 769 1813 τὸ
797 1743 835 1812 δέ
856 1749 1076 1832 προκείμενον
1098 1745 1222 1814 ἐκεῖνο·

206 1858 254 1933 εἰς
275 1857 337 1940 τὴν
359 1856 503 1941 πατρίδα
531 1854 745 1937 ἐπανελθεῖν,
772 1857 850 1931 τοὺς
872 1856 1015 1932 οἰκείους
1037 1852 1222 1932 ἀπαλλάξαι
1237 1875 1260 1916 15

207 1958 318 2044 δέους,
342 1961 446 2025 αὐτὸν
468 1961 508 2025 τά
530 1969 591 2026 τοῦ
614 1964 752 2027 πολίτου
775 1972 897 2044 ποιεῖν,
919 1968 1054 2045 νημαι,
1083 1962 1223 2027 παιδο-
1309 1985 1310 1992 “

153 2083 187 2132 39
206 2071 429 2149 ποιεῖσθαι,
459 2065 574 2151 ἀρξαι
606 2067 672 2142 τάς
703 2065 966 2152 νομιζομένας
997 2067 1126 2153 ἀρχάς.
1181 2068 1223 2133 οὐ

206 2171 270 2255 γάρ
293 2173 373 2247 τοὺς
394 2170 621 2258 κομψοτέρους
638 2171 719 2256 ἡμῖν
737 2176 860 2251 τόπους
879 2173 1089 2258 ἐκλεξάμενος
1107 2174 1223 2258 ἐληλυ-
1309 2261 1310 2264 ¹

206 2283 287 2361 θας,
318 2273 389 2343 ἀλλ’
418 2277 454 2343 ἐν
478 2271 528 2356 οἷς
551 2277 669 2362 ἐγένου
692 2278 747 2345 καὶ
771 2275 819 2346 ὧν
841 2278 1053 2358 κατατέταξαι
1075 2282 1222 2364 πολίτης,

207 2382 244 2450 ἐν
276 2386 406 2463 τούτοις
438 2385 784 2472 ἀναστραφησόμενος.
833 2390 986 2453 τοιοῦτον
1018 2409 1049 2451 τι
1081 2384 1136 2451 καὶ
1169 2385 1221 2452 ἐν·
1236 2417 1261 2455 το

154 2509 189 2560 40
207 2491 318 2558 ταῦθά
341 2490 410 2560 ἐστι
432 2494 469 2558 τὸ
489 2497 677 2579 γινόμενον.
710 2491 781 2558 ἐπεὶ
800 2494 855 2559 διά
874 2496 977 2577 λόγου
995 2490 1050 2558 καὶ
1068 2493 1222 2576 τοιαύτης

207 2601 423 2684 παραδόσεως
450 2598 566 2666 ἐλθεῖν
590 2598 643 2666 ἐπὶ
673 2602 710 2665 τὸ
733 2598 860 2666 τέλειον
884 2598 1012 2665 δεῖκαὶ
1035 2601 1096 2684 τὴν
1119 2599 1222 2665 αὑτοῦ

207 2707 403 2790 προαίρεσιν
426 2703 610 2793 ἐκκαθᾶραι
632 2704 687 2772 καὶ
710 2706 770 2789 την
791 2707 937 2791 δύναμιν
959 2707 1020 2790 την
1043 2707 1222 2791 χρηστικὴν

208 2818 276 2873 τῶν
302 2823 496 2894 φαντασιῶν
525 2812 634 2899 ὀρθην
660 2813 916 2891 κατασκευάσαι;
946 2811 1072 2896 ἀνάγκη
1097 2807 1134 2877 δέ
1162 2812 1221 2895 την

208 2952 422 2963 -ῇ--ι--η

299 3042 386 3106 8sqq.
406 3037 440 3091 cf.
454 3038 541 3093 Ench.
558 3045 604 3094 11:
624 3040 661 3102 ὡς
674 3040 820 3110 ἀλλοτρίου
835 3040 922 3094 αὐτοῦ
937 3042 985 3111 (sc.
1005 3048 1054 3095 τοῦ
1075 3037 1221 3109 δοθέντος)

210 3101 342 3177 ἐπιμελοῦ
362 3107 397 3170 ὡς
415 3116 464 3163 τοῦ
483 3111 657 3165 πανδοκείου
676 3108 705 3165 οἰ
720 3111 877 3181 παριόντες.

229 3185 318 3303 Ηῗξ
332 3196 392 3247 sqq.
421 3179 853 3252 cf.Laert.1>iog.v11‚1·21;
888 3180 1221 3250 Stob.e01.11,7,11b
1306 3197 1307 3208 ¹

212 3266 225 3303 e
320 3293 325 3304 .

282 3425 370 3512 δρύκ
389 3423 476 3486 άλλως
494 3425 542 3484 δτι
560 3427 593 3480 ού
612 3427 743 3489 καλῶςδ
766 3429 776 3496 ἦ
804 3433 838 3480 14
857 3426 964 3553 <MK
978 3427 1072 3489 ἁπλῶς
1090 3427 1123 3488 δε
1151 3429 1161 3495 ΙΙ
1189 3433 1220 3482 15

210 3492 369 3562 ἀπαλλαξηι
387 3494 420 3549 S:
438 3511 508 3550 corr.
527 3512 555 3560 8;
573 3496 745 3563 ἀπαλλάξειν
764 3498 796 3558 80
825 3501 835 3566 n
867 3505 900 3553 16
919 3518 939 3552 α
957 3499 1006 3553 τὸν
1026 3499 1057 3558 δι
1085 3501 1095 3568 ΙΙ
1126 3504 1160 3552 21
1177 3493 1221 3552 ἐπὶ

211 3561 244 3618 S:
263 3581 332 3621 corr.
347 3564 380 3625 δε
409 3565 418 3632 ΙΙ
455 3570 488 3618 22
508 3564 594 3620 αὐτοῦ
613 3567 647 3622 S:
664 3584 733 3624 corr.
752 3585 765 3622 8
