<?xml version="1.0" encoding="UTF-8"?>
<!DOCTYPE html PUBLIC "-//W3C//DTD XHTML 1.0 Transitional//EN"
    "http://www.w3.org/TR/xhtml1/DTD/xhtml1-transitional.dtd">
<html xmlns="http://www.w3.org/1999/xhtml" xml:lang="en" lang="en">
 <head>
  <title>
</title>
<meta http-equiv="Content-Type" content="text/html;charset=utf-8" />
  <meta name='ocr-system' content='tesseract 3.04.00' />
  <meta name='ocr-capabilities' content='ocr_page ocr_carea ocr_par ocr_line ocrx_word'/>
</head>
<body>
  <div class='ocr_page' id='page_1' title='image "./dissertationesa00epicgoog/dissertationesa00epicgoog_0190.png"; bbox 0 0 2636 3922; ppageno 0'>
   <div class='ocr_carea' id='block_1_1' title="bbox 116 9 139 43">
    <p class='ocr_par' dir='ltr' id='par_1_1' title="bbox 116 9 139 43">
     <span class='ocr_line' id='line_1_1' title="bbox 116 9 139 43; baseline 0 0"><span class='ocrx_word' id='word_1_1' title='bbox 116 9 139 43; x_wconf 66' lang='grc'><strong>7</strong></span> 
     </span>
    </p>
   </div>
   <div class='ocr_carea' id='block_1_2' title="bbox 120 206 1135 277">
    <p class='ocr_par' dir='ltr' id='par_1_2' title="bbox 120 206 1135 277">
     <span class='ocr_line' id='line_1_2' title="bbox 120 206 1135 277; baseline 0.007 -13"><span class='ocrx_word' id='word_1_2' title='bbox 120 219 159 276; x_wconf 72' lang='grc' dir='ltr'><strong><em>(τι,</em></strong></span> <span class='ocrx_word' id='word_1_3' title='bbox 174 226 195 276; x_wconf 82' lang='grc' dir='ltr'><strong><em>ε,</em></strong></span> <span class='ocrx_word' id='word_1_4' title='bbox 211 225 284 277; x_wconf 79' lang='grc' dir='ltr'><strong><em>ιο-ι,</em></strong></span> <span class='ocrx_word' id='word_1_5' title='bbox 298 220 321 272; x_wconf 89' lang='lat'><strong><em>1)</em></strong></span> <span class='ocrx_word' id='word_1_6' title='bbox 399 212 552 264; x_wconf 82' lang='lat' dir='ltr'><strong>BIBAION</strong></span> <span class='ocrx_word' id='word_1_7' title='bbox 570 211 770 266; x_wconf 79' lang='grc' dir='ltr'><strong><em>ΔΕΤΤΕΡΟΝ.</em></strong></span> <span class='ocrx_word' id='word_1_8' title='bbox 790 209 825 264; x_wconf 79' lang='grc' dir='ltr'><strong><em>ε’.</em></strong></span> <span class='ocrx_word' id='word_1_9' title='bbox 845 206 884 267; x_wconf 80' lang='grc' dir='ltr'><strong><em>ς’.</em></strong></span> <span class='ocrx_word' id='word_1_10' title='bbox 1073 207 1135 272; x_wconf 76' lang='grc'><strong><em>117</em></strong></span> 
     </span>
    </p>
   </div>
   <div class='ocr_carea' id='block_1_3' title="bbox 78 369 1191 2788">
    <p class='ocr_par' dir='ltr' id='par_1_3' title="bbox 78 369 1191 2788">
     <span class='ocr_line' id='line_1_3' title="bbox 120 369 1138 457; baseline -0.001 -21"><span class='ocrx_word' id='word_1_11' title='bbox 120 371 224 438; x_wconf 84' lang='grc' dir='ltr'><strong><em>αὐτὸν</em></strong></span> <span class='ocrx_word' id='word_1_12' title='bbox 252 369 308 450; x_wconf 83' lang='grc' dir='ltr'><strong><em>καὶ</em></strong></span> <span class='ocrx_word' id='word_1_13' title='bbox 336 373 384 449; x_wconf 85' lang='grc' dir='ltr'><strong><em>είς</em></strong></span> <span class='ocrx_word' id='word_1_14' title='bbox 409 374 517 455; x_wconf 88' lang='grc' dir='ltr'><strong><em>πηλὸν</em></strong></span> <span class='ocrx_word' id='word_1_15' title='bbox 545 370 714 457; x_wconf 81' lang='grc' dir='ltr'><strong><em>ἐμβαίνειν</em></strong></span> <span class='ocrx_word' id='word_1_16' title='bbox 741 369 797 436; x_wconf 80' lang='grc' dir='ltr'><strong><em>καί</em></strong></span> <span class='ocrx_word' id='word_1_17' title='bbox 824 370 974 448; x_wconf 76' lang='grc' dir='ltr'><em>ἀκάνθας</em></span> <span class='ocrx_word' id='word_1_18' title='bbox 996 378 1138 454; x_wconf 80' lang='grc' dir='ltr'><strong><em>πατῆσαι</em></strong></span> 
     </span>
     <span class='ocr_line' id='line_1_4' title="bbox 118 473 1138 563; baseline -0.003 -19"><span class='ocrx_word' id='word_1_19' title='bbox 118 476 175 544; x_wconf 79' lang='grc' dir='ltr'><strong><em>καί</em></strong></span> <span class='ocrx_word' id='word_1_20' title='bbox 204 480 295 544; x_wconf 80' lang='grc' dir='ltr'><strong><em>ἔστιν</em></strong></span> <span class='ocrx_word' id='word_1_21' title='bbox 323 478 376 543; x_wconf 83' lang='grc' dir='ltr'><strong><em>ὅτε</em></strong></span> <span class='ocrx_word' id='word_1_22' title='bbox 405 477 612 562; x_wconf 75' lang='grc' dir='ltr'><strong><em>ἀποκοπῆναι</em></strong></span> <span class='ocrx_word' id='word_1_23' title='bbox 639 474 723 563; x_wconf 68' lang='grc' dir='ltr'><strong><em>ὑπὲρ</em></strong></span> <span class='ocrx_word' id='word_1_24' title='bbox 750 487 810 544; x_wconf 86' lang='grc' dir='ltr'><strong><em>τοῦ</em></strong></span> <span class='ocrx_word' id='word_1_25' title='bbox 837 478 930 543; x_wconf 83' lang='grc' dir='ltr'><strong><em>ὅλον·</em></strong></span> <span class='ocrx_word' id='word_1_26' title='bbox 959 479 991 541; x_wconf 86' lang='grc' dir='ltr'><strong><em>εί</em></strong></span> <span class='ocrx_word' id='word_1_27' title='bbox 1016 473 1053 543; x_wconf 77' lang='grc' dir='ltr'><strong><em>δδ</em></strong></span> <span class='ocrx_word' id='word_1_28' title='bbox 1081 478 1138 562; x_wconf 81' lang='grc' dir='ltr'><strong><em>μη,</em></strong></span> 
     </span>
     <span class='ocr_line' id='line_1_5' title="bbox 121 580 1137 669; baseline 0 -20"><span class='ocrx_word' id='word_1_29' title='bbox 121 581 236 650; x_wconf 78' lang='grc' dir='ltr'><strong><em>οὐκέτι</em></strong></span> <span class='ocrx_word' id='word_1_30' title='bbox 261 585 351 650; x_wconf 83' lang='grc' dir='ltr'><strong><em>ἔσται</em></strong></span> <span class='ocrx_word' id='word_1_31' title='bbox 378 585 470 662; x_wconf 86' lang='grc' dir='ltr'><strong><em>πούς.</em></strong></span> <span class='ocrx_word' id='word_1_32' title='bbox 522 587 676 651; x_wconf 82' lang='grc' dir='ltr'><strong><em>τοιοῦτόν</em></strong></span> <span class='ocrx_word' id='word_1_33' title='bbox 709 607 740 649; x_wconf 89' lang='grc' dir='ltr'><strong><em>τι</em></strong></span> <span class='ocrx_word' id='word_1_34' title='bbox 769 582 825 649; x_wconf 80' lang='grc' dir='ltr'><strong><em>καλ</em></strong></span> <span class='ocrx_word' id='word_1_35' title='bbox 852 580 904 669; x_wconf 81' lang='grc' dir='ltr'><strong><em>ἐφ’</em></strong></span> <span class='ocrx_word' id='word_1_36' title='bbox 934 583 1029 669; x_wconf 77' lang='grc' dir='ltr'><strong><em>ἡμῶν</em></strong></span> <span class='ocrx_word' id='word_1_37' title='bbox 1056 583 1137 649; x_wconf 83' lang='grc' dir='ltr'><strong><em>ὑπο-</em></strong></span> 
     </span>
     <span class='ocr_line' id='line_1_6' title="bbox 121 686 1191 775; baseline -0.002 -20"><span class='ocrx_word' id='word_1_38' title='bbox 121 694 239 775; x_wconf 77' lang='grc' dir='ltr'><strong><em>λαβεῖν</em></strong></span> <span class='ocrx_word' id='word_1_39' title='bbox 267 691 327 755; x_wconf 86' lang='grc' dir='ltr'><strong><em>δεῖ.</em></strong></span> <span class='ocrx_word' id='word_1_40' title='bbox 376 694 412 756; x_wconf 90' lang='grc' dir='ltr'><strong><em>τί</em></strong></span> <span class='ocrx_word' id='word_1_41' title='bbox 435 687 480 770; x_wconf 73' lang='grc' dir='ltr'><strong><em>εἷς</em></strong></span> <span class='ocrx_word' id='word_1_42' title='bbox 514 693 702 775; x_wconf 77' lang='grc' dir='ltr'><strong><em>ἄνθρωπος.</em></strong></span> <span class='ocrx_word' id='word_1_43' title='bbox 752 691 785 755; x_wconf 87' lang='grc' dir='ltr'><strong><em>εί</em></strong></span> <span class='ocrx_word' id='word_1_44' title='bbox 810 686 871 773; x_wconf 73' lang='grc' dir='ltr'><strong><em>μὲν</em></strong></span> <span class='ocrx_word' id='word_1_45' title='bbox 899 690 943 767; x_wconf 81' lang='grc' dir='ltr'><strong><em>ὡς</em></strong></span> <span class='ocrx_word' id='word_1_46' title='bbox 970 689 1137 755; x_wconf 87' lang='grc' dir='ltr'><strong><em>ἀπόλυτον</em></strong></span> <span class='ocrx_word' id='word_1_47' title='bbox 1157 703 1191 753; x_wconf 73' lang='grc' dir='ltr'><strong><em>ιο</em></strong></span> 
     </span>
     <span class='ocr_line' id='line_1_7' title="bbox 93 794 1137 883; baseline -0.002 -22"><span class='ocrx_word' id='word_1_48' title='bbox 93 815 106 855; x_wconf 78' lang='lat'>⁵</span> <span class='ocrx_word' id='word_1_49' title='bbox 122 807 268 880; x_wconf 84' lang='grc' dir='ltr'><strong><em>σκοπεῖς,</em></strong></span> <span class='ocrx_word' id='word_1_50' title='bbox 290 798 372 862; x_wconf 78' lang='grc' dir='ltr'><strong><em>κατὰ</em></strong></span> <span class='ocrx_word' id='word_1_51' title='bbox 390 798 495 883; x_wconf 83' lang='grc' dir='ltr'><strong><em>φύσιν</em></strong></span> <span class='ocrx_word' id='word_1_52' title='bbox 513 794 583 861; x_wconf 83' lang='grc' dir='ltr'><strong><em>ἐστὶ</em></strong></span> <span class='ocrx_word' id='word_1_53' title='bbox 601 799 694 879; x_wconf 77' lang='grc' dir='ltr'><strong><em>ζῆσαι</em></strong></span> <span class='ocrx_word' id='word_1_54' title='bbox 713 794 809 881; x_wconf 80' lang='grc' dir='ltr'><strong><em>μέχρι</em></strong></span> <span class='ocrx_word' id='word_1_55' title='bbox 827 797 947 881; x_wconf 79' lang='grc' dir='ltr'><strong><em>γήρως,</em></strong></span> <span class='ocrx_word' id='word_1_56' title='bbox 969 799 1137 878; x_wconf 87' lang='grc' dir='ltr'><strong><em>πλουτεῖν,</em></strong></span> 
     </span>
     <span class='ocr_line' id='line_1_8' title="bbox 120 898 1137 988; baseline -0.004 -20"><span class='ocrx_word' id='word_1_57' title='bbox 120 903 298 986; x_wconf 82' lang='grc' dir='ltr'><strong><em>ὑγιαίνειν.</em></strong></span> <span class='ocrx_word' id='word_1_58' title='bbox 343 905 375 968; x_wconf 86' lang='grc' dir='ltr'><strong><em>εί</em></strong></span> <span class='ocrx_word' id='word_1_59' title='bbox 397 901 427 969; x_wconf 88' lang='grc' dir='ltr'><strong><em>δ’</em></strong></span> <span class='ocrx_word' id='word_1_60' title='bbox 451 903 495 981; x_wconf 82' lang='grc' dir='ltr'><strong><em>ὡς</em></strong></span> <span class='ocrx_word' id='word_1_61' title='bbox 513 904 696 988; x_wconf 79' lang='grc' dir='ltr'><strong><em>ἄνθρωπον</em></strong></span> <span class='ocrx_word' id='word_1_62' title='bbox 716 912 849 979; x_wconf 78' lang='grc' dir='ltr'><strong><em>σκοπεῖς</em></strong></span> <span class='ocrx_word' id='word_1_63' title='bbox 865 900 920 966; x_wconf 80' lang='grc' dir='ltr'><strong><em>καλ</em></strong></span> <span class='ocrx_word' id='word_1_64' title='bbox 938 898 1038 985; x_wconf 78' lang='grc' dir='ltr'><strong><em>μέρος</em></strong></span> <span class='ocrx_word' id='word_1_65' title='bbox 1056 900 1137 966; x_wconf 86' lang='grc' dir='ltr'><strong><em>ὅλον</em></strong></span> 
     </span>
     <span class='ocr_line' id='line_1_9' title="bbox 105 1005 1138 1093; baseline -0.004 -18"><span class='ocrx_word' id='word_1_66' title='bbox 105 1011 228 1093; x_wconf 81' lang='grc' dir='ltr'><strong><em>τινός,</em></strong></span> <span class='ocrx_word' id='word_1_67' title='bbox 256 1005 301 1074; x_wconf 86' lang='grc' dir='ltr'><strong><em>δι’</em></strong></span> <span class='ocrx_word' id='word_1_68' title='bbox 331 1008 439 1075; x_wconf 76' lang='grc' dir='ltr'><strong><em>ἐκεῖνο</em></strong></span> <span class='ocrx_word' id='word_1_69' title='bbox 462 1011 500 1075; x_wconf 85' lang='grc' dir='ltr'><strong><em>τὸ</em></strong></span> <span class='ocrx_word' id='word_1_70' title='bbox 524 1009 605 1074; x_wconf 83' lang='grc' dir='ltr'><strong><em>ὅλον</em></strong></span> <span class='ocrx_word' id='word_1_71' title='bbox 627 1017 692 1074; x_wconf 90' lang='grc' dir='ltr'><strong><em>νῦν</em></strong></span> <span class='ocrx_word' id='word_1_72' title='bbox 715 1007 776 1093; x_wconf 82' lang='grc' dir='ltr'><strong><em>μέν</em></strong></span> <span class='ocrx_word' id='word_1_73' title='bbox 805 1023 858 1074; x_wconf 91' lang='grc' dir='ltr'><strong><em>σοι</em></strong></span> <span class='ocrx_word' id='word_1_74' title='bbox 886 1016 1024 1092; x_wconf 75' lang='grc' dir='ltr'><strong><em>νοσῆσαι</em></strong></span> <span class='ocrx_word' id='word_1_75' title='bbox 1055 1012 1138 1072; x_wconf 89' lang='grc' dir='ltr'><strong><em>καθ-</em></strong></span> 
     </span>
     <span class='ocr_line' id='line_1_10' title="bbox 120 1108 1137 1199; baseline -0.002 -19"><span class='ocrx_word' id='word_1_76' title='bbox 120 1117 210 1199; x_wconf 78' lang='grc' dir='ltr'><strong><em>ήκει,</em></strong></span> <span class='ocrx_word' id='word_1_77' title='bbox 237 1124 302 1181; x_wconf 85' lang='grc' dir='ltr'><strong><em>νῦν</em></strong></span> <span class='ocrx_word' id='word_1_78' title='bbox 331 1111 368 1179; x_wconf 71' lang='grc' dir='ltr'><strong><em>δὲ</em></strong></span> <span class='ocrx_word' id='word_1_79' title='bbox 394 1120 534 1181; x_wconf 84' lang='grc' dir='ltr'><strong><em>πλεῦσαι</em></strong></span> <span class='ocrx_word' id='word_1_80' title='bbox 561 1112 616 1180; x_wconf 79' lang='grc' dir='ltr'><strong><em>καὶ</em></strong></span> <span class='ocrx_word' id='word_1_81' title='bbox 643 1116 878 1198; x_wconf 85' lang='grc' dir='ltr'><strong><em>κινδυνεῦσαι,</em></strong></span> <span class='ocrx_word' id='word_1_82' title='bbox 905 1122 970 1180; x_wconf 88' lang='grc' dir='ltr'><strong><em>νῦν</em></strong></span> <span class='ocrx_word' id='word_1_83' title='bbox 999 1108 1028 1178; x_wconf 89' lang='grc' dir='ltr'><strong><em>δ’</em></strong></span> <span class='ocrx_word' id='word_1_84' title='bbox 1057 1110 1137 1178; x_wconf 92' lang='grc' dir='ltr'><strong><em>ἀπο-</em></strong></span> 
     </span>
     <span class='ocr_line' id='line_1_11' title="bbox 122 1214 1190 1307; baseline -0.001 -21"><span class='ocrx_word' id='word_1_85' title='bbox 122 1227 285 1305; x_wconf 76' lang='grc' dir='ltr'><strong><em>ρηθῆναι,</em></strong></span> <span class='ocrx_word' id='word_1_86' title='bbox 311 1223 376 1306; x_wconf 85' lang='grc' dir='ltr'><strong><em>πρὸ</em></strong></span> <span class='ocrx_word' id='word_1_87' title='bbox 404 1221 492 1307; x_wconf 80' lang='grc' dir='ltr'><strong><em>ὥρας</em></strong></span> <span class='ocrx_word' id='word_1_88' title='bbox 519 1216 550 1285; x_wconf 91' lang='grc' dir='ltr'><strong><em>δ’</em></strong></span> <span class='ocrx_word' id='word_1_89' title='bbox 576 1223 667 1287; x_wconf 79' lang='grc' dir='ltr'><strong><em>ἔστιν</em></strong></span> <span class='ocrx_word' id='word_1_90' title='bbox 695 1217 742 1286; x_wconf 83' lang='grc' dir='ltr'><strong><em>ὅτ’</em></strong></span> <span class='ocrx_word' id='word_1_91' title='bbox 774 1220 970 1288; x_wconf 85' lang='grc' dir='ltr'><strong><em>ἀποθανεῖν.</em></strong></span> <span class='ocrx_word' id='word_1_92' title='bbox 1015 1222 1051 1284; x_wconf 88' lang='grc' dir='ltr'><strong><em>τί</em></strong></span> <span class='ocrx_word' id='word_1_93' title='bbox 1075 1214 1138 1286; x_wconf 84' lang='grc' dir='ltr'><strong><em>οὖν</em></strong></span> <span class='ocrx_word' id='word_1_94' title='bbox 1156 1237 1190 1285; x_wconf 75' lang='lat'><strong><em>26</em></strong></span> 
     </span>
     <span class='ocr_line' id='line_1_12' title="bbox 81 1323 1137 1410; baseline 0 -18"><span class='ocrx_word' id='word_1_95' title='bbox 81 1343 108 1383; x_wconf 85' lang='lat'><strong><em>¹⁰</em></strong></span> <span class='ocrx_word' id='word_1_96' title='bbox 121 1326 332 1410; x_wconf 84' lang='grc' dir='ltr'><strong><em>ἀγανακτεῖς;</em></strong></span> <span class='ocrx_word' id='word_1_97' title='bbox 352 1326 414 1393; x_wconf 86' lang='grc' dir='ltr'><strong><em>οὐκ</em></strong></span> <span class='ocrx_word' id='word_1_98' title='bbox 433 1323 526 1404; x_wconf 79' lang='grc' dir='ltr'><strong><em>οἶδας</em></strong></span> <span class='ocrx_word' id='word_1_99' title='bbox 544 1327 594 1393; x_wconf 82' lang='grc' dir='ltr'><strong><em>ὅτι</em></strong></span> <span class='ocrx_word' id='word_1_100' title='bbox 613 1327 658 1404; x_wconf 82' lang='grc' dir='ltr'><strong><em>ὡς</em></strong></span> <span class='ocrx_word' id='word_1_101' title='bbox 675 1326 800 1404; x_wconf 84' lang='grc' dir='ltr'><strong><em>ἐκεῖνος</em></strong></span> <span class='ocrx_word' id='word_1_102' title='bbox 814 1325 924 1393; x_wconf 77' lang='grc' dir='ltr'><strong><em>οὐκέτι</em></strong></span> <span class='ocrx_word' id='word_1_103' title='bbox 939 1329 1029 1391; x_wconf 79' lang='grc' dir='ltr'><strong><em>ἔσται</em></strong></span> <span class='ocrx_word' id='word_1_104' title='bbox 1043 1326 1137 1409; x_wconf 87' lang='grc' dir='ltr'><strong><em>πονς,</em></strong></span> 
     </span>
     <span class='ocr_line' id='line_1_13' title="bbox 122 1429 1136 1520; baseline -0.001 -21"><span class='ocrx_word' id='word_1_105' title='bbox 122 1433 228 1509; x_wconf 77' lang='grc' dir='ltr'><strong><em>οὕτως</em></strong></span> <span class='ocrx_word' id='word_1_106' title='bbox 257 1429 336 1499; x_wconf 74' lang='grc' dir='ltr'><strong><em>οὐδὲ</em></strong></span> <span class='ocrx_word' id='word_1_107' title='bbox 364 1436 406 1497; x_wconf 85' lang='grc' dir='ltr'><strong><em>σὺ</em></strong></span> <span class='ocrx_word' id='word_1_108' title='bbox 438 1434 632 1520; x_wconf 79' lang='grc' dir='ltr'><strong><em>ἀνθρωπος;</em></strong></span> <span class='ocrx_word' id='word_1_109' title='bbox 665 1435 701 1498; x_wconf 89' lang='grc' dir='ltr'><strong><em>τί</em></strong></span> <span class='ocrx_word' id='word_1_110' title='bbox 729 1433 793 1518; x_wconf 88' lang='grc' dir='ltr'><strong><em>γάρ</em></strong></span> <span class='ocrx_word' id='word_1_111' title='bbox 824 1432 914 1499; x_wconf 79' lang='grc' dir='ltr'><strong><em>ἐστιν</em></strong></span> <span class='ocrx_word' id='word_1_112' title='bbox 942 1434 1136 1519; x_wconf 85' lang='grc' dir='ltr'><strong><em>ἀνθρωπος;</em></strong></span> 
     </span>
     <span class='ocr_line' id='line_1_14' title="bbox 121 1535 1138 1624; baseline -0.001 -19"><span class='ocrx_word' id='word_1_113' title='bbox 121 1536 223 1624; x_wconf 76' lang='grc' dir='ltr'><strong><em>μέρος</em></strong></span> <span class='ocrx_word' id='word_1_114' title='bbox 250 1541 392 1623; x_wconf 77' lang='grc' dir='ltr'><strong><em>πόλεως,</em></strong></span> <span class='ocrx_word' id='word_1_115' title='bbox 418 1541 549 1624; x_wconf 81' lang='grc' dir='ltr'><strong><em>πρώτης</em></strong></span> <span class='ocrx_word' id='word_1_116' title='bbox 576 1535 637 1623; x_wconf 71' lang='grc' dir='ltr'><strong><em>μὲν</em></strong></span> <span class='ocrx_word' id='word_1_117' title='bbox 664 1547 723 1623; x_wconf 77' lang='grc' dir='ltr'><strong><em>τῆς</em></strong></span> <span class='ocrx_word' id='word_1_118' title='bbox 749 1537 786 1604; x_wconf 76' lang='grc' dir='ltr'><strong><em>ἐκ</em></strong></span> <span class='ocrx_word' id='word_1_119' title='bbox 813 1546 905 1605; x_wconf 83' lang='grc' dir='ltr'><strong><em>θεῶν</em></strong></span> <span class='ocrx_word' id='word_1_120' title='bbox 927 1537 982 1604; x_wconf 84' lang='grc' dir='ltr'><strong><em>καὶ</em></strong></span> <span class='ocrx_word' id='word_1_121' title='bbox 1005 1538 1138 1624; x_wconf 83' lang='grc' dir='ltr'><strong><em>ἀνθρώ-</em></strong></span> 
     </span>
     <span class='ocr_line' id='line_1_15' title="bbox 121 1641 1138 1730; baseline -0.001 -21"><span class='ocrx_word' id='word_1_122' title='bbox 121 1665 212 1728; x_wconf 85' lang='grc' dir='ltr'><strong><em>πων,</em></strong></span> <span class='ocrx_word' id='word_1_123' title='bbox 235 1645 316 1728; x_wconf 81' lang='grc' dir='ltr'><strong><em>μετά</em></strong></span> <span class='ocrx_word' id='word_1_124' title='bbox 339 1653 442 1711; x_wconf 84' lang='grc' dir='ltr'><strong><em>ταῦτα</em></strong></span> <span class='ocrx_word' id='word_1_125' title='bbox 465 1641 503 1710; x_wconf 70' lang='grc' dir='ltr'><strong><em>δὲ</em></strong></span> <span class='ocrx_word' id='word_1_126' title='bbox 524 1653 582 1727; x_wconf 79' lang='grc' dir='ltr'><strong><em>τῆς</em></strong></span> <span class='ocrx_word' id='word_1_127' title='bbox 604 1643 649 1720; x_wconf 82' lang='grc' dir='ltr'><strong><em>ὡς</em></strong></span> <span class='ocrx_word' id='word_1_128' title='bbox 671 1647 805 1728; x_wconf 81' lang='grc' dir='ltr'><strong><em>ἔγγιστα</em></strong></span> <span class='ocrx_word' id='word_1_129' title='bbox 827 1642 1022 1730; x_wconf 78' lang='grc' dir='ltr'><strong><em>λεγομένης,</em></strong></span> <span class='ocrx_word' id='word_1_130' title='bbox 1044 1645 1066 1727; x_wconf 75' lang='grc' dir='ltr'><em>ἥ</em></span> <span class='ocrx_word' id='word_1_131' title='bbox 1088 1668 1138 1720; x_wconf 89' lang='grc' dir='ltr'><strong><em>τις</em></strong></span> 
     </span>
     <span class='ocr_line' id='line_1_16' title="bbox 121 1745 1188 1836; baseline 0.003 -20"><span class='ocrx_word' id='word_1_132' title='bbox 121 1748 192 1816; x_wconf 77' lang='grc' dir='ltr'><strong><em>ἐστι</em></strong></span> <span class='ocrx_word' id='word_1_133' title='bbox 211 1751 331 1835; x_wconf 86' lang='grc' dir='ltr'><strong><em>μικρὸν</em></strong></span> <span class='ocrx_word' id='word_1_134' title='bbox 349 1759 407 1835; x_wconf 77' lang='grc' dir='ltr'><strong><em>τῆς</em></strong></span> <span class='ocrx_word' id='word_1_135' title='bbox 424 1750 503 1835; x_wconf 82' lang='grc' dir='ltr'><strong><em>ὅλης</em></strong></span> <span class='ocrx_word' id='word_1_136' title='bbox 521 1753 658 1836; x_wconf 90' lang='grc' dir='ltr'><strong><em>μίμημα.</em></strong></span> <span class='ocrx_word' id='word_1_137' title='bbox 691 1749 768 1816; x_wconf 60' lang='grc' dir='ltr'><strong><em>’νῦν</em></strong></span> <span class='ocrx_word' id='word_1_138' title='bbox 783 1745 845 1816; x_wconf 86' lang='grc' dir='ltr'><strong><em>οὖν</em></strong></span> <span class='ocrx_word' id='word_1_139' title='bbox 864 1747 920 1835; x_wconf 73' lang='grc' dir='ltr'><strong><em>ἐμὲ</em></strong></span> <span class='ocrx_word' id='word_1_140' title='bbox 934 1753 1107 1836; x_wconf 83' lang='grc' dir='ltr'><strong><em>κρίνεσθαι</em></strong></span> <span class='ocrx_word' id='word_1_141' title='bbox 1115 1749 1135 1828; x_wconf 89' lang='grc'><strong><em>;’</em></strong></span> <span class='ocrx_word' id='word_1_142' title='bbox 1155 1768 1188 1819; x_wconf 73' lang='lat'><strong><em>27</em></strong></span> 
     </span>
     <span class='ocr_line' id='line_1_17' title="bbox 79 1850 1137 1940; baseline 0 -19"><span class='ocrx_word' id='word_1_143' title='bbox 79 1872 107 1914; x_wconf 78' lang='lat'><strong><em>1⁶</em></strong></span> <span class='ocrx_word' id='word_1_144' title='bbox 121 1865 186 1921; x_wconf 87' lang='grc' dir='ltr'><strong><em>νῦν</em></strong></span> <span class='ocrx_word' id='word_1_145' title='bbox 215 1850 278 1921; x_wconf 84' lang='grc' dir='ltr'><strong><em>οὖν</em></strong></span> <span class='ocrx_word' id='word_1_146' title='bbox 305 1856 409 1921; x_wconf 83' lang='grc' dir='ltr'><strong><em>ἀλλον</em></strong></span> <span class='ocrx_word' id='word_1_147' title='bbox 436 1854 631 1940; x_wconf 78' lang='grc' dir='ltr'><strong><em>πυρέσσειν,</em></strong></span> <span class='ocrx_word' id='word_1_148' title='bbox 659 1857 763 1922; x_wconf 85' lang='grc' dir='ltr'><strong><em>ἀλλον</em></strong></span> <span class='ocrx_word' id='word_1_149' title='bbox 790 1861 903 1939; x_wconf 87' lang='grc' dir='ltr'><strong><em>πλεῖν,</em></strong></span> <span class='ocrx_word' id='word_1_150' title='bbox 930 1856 1033 1921; x_wconf 83' lang='grc' dir='ltr'><strong><em>ἀλλον</em></strong></span> <span class='ocrx_word' id='word_1_151' title='bbox 1056 1853 1137 1921; x_wconf 95' lang='grc' dir='ltr'><strong><em>ἀπο-</em></strong></span> 
     </span>
     <span class='ocr_line' id='line_1_18' title="bbox 119 1959 1137 2049; baseline 0 -23"><span class='ocrx_word' id='word_1_152' title='bbox 119 1959 296 2047; x_wconf 82' lang='grc' dir='ltr'><strong><em>θνῄσκειν,</em></strong></span> <span class='ocrx_word' id='word_1_153' title='bbox 319 1961 422 2028; x_wconf 88' lang='grc' dir='ltr'><strong><em>ἀλλον</em></strong></span> <span class='ocrx_word' id='word_1_154' title='bbox 444 1962 717 2047; x_wconf 86' lang='grc' dir='ltr'><strong><em>κατακεκρίσθαι;</em></strong></span> <span class='ocrx_word' id='word_1_155' title='bbox 741 1960 910 2027; x_wconf 85' lang='grc' dir='ltr'><strong><em>ἀδύνατον</em></strong></span> <span class='ocrx_word' id='word_1_156' title='bbox 929 1962 992 2049; x_wconf 81' lang='grc' dir='ltr'><strong><em>γ’διρ</em></strong></span> <span class='ocrx_word' id='word_1_157' title='bbox 1014 1960 1051 2027; x_wconf 76' lang='grc' dir='ltr'><strong><em>ἐν</em></strong></span> <span class='ocrx_word' id='word_1_158' title='bbox 1069 1985 1137 2028; x_wconf 83' lang='grc' dir='ltr'><strong><em>τοι·</em></strong></span> 
     </span>
     <span class='ocr_line' id='line_1_19' title="bbox 120 2065 1137 2157; baseline 0 -24"><span class='ocrx_word' id='word_1_159' title='bbox 120 2069 208 2157; x_wconf 80' lang='grc' dir='ltr'><strong><em>οντρι</em></strong></span> <span class='ocrx_word' id='word_1_160' title='bbox 237 2068 379 2152; x_wconf 83' lang='grc' dir='ltr'><strong><em>σώματι,</em></strong></span> <span class='ocrx_word' id='word_1_161' title='bbox 409 2065 446 2132; x_wconf 82' lang='grc' dir='ltr'><strong><em>ἐν</em></strong></span> <span class='ocrx_word' id='word_1_162' title='bbox 473 2067 579 2157; x_wconf 81' lang='grc' dir='ltr'><strong><em>τούτῳ</em></strong></span> <span class='ocrx_word' id='word_1_163' title='bbox 607 2076 652 2155; x_wconf 76' lang='grc' dir='ltr'><strong><em>τῷ</em></strong></span> <span class='ocrx_word' id='word_1_164' title='bbox 682 2068 884 2154; x_wconf 81' lang='grc' dir='ltr'><strong><em>περιέχοντι,</em></strong></span> <span class='ocrx_word' id='word_1_165' title='bbox 911 2069 1042 2144; x_wconf 83' lang='grc' dir='ltr'><strong><em>τούτοις</em></strong></span> <span class='ocrx_word' id='word_1_166' title='bbox 1067 2080 1137 2145; x_wconf 87' lang='grc' dir='ltr'><strong><em>τοῖς</em></strong></span> 
     </span>
     <span class='ocr_line' id='line_1_20' title="bbox 120 2169 1189 2258; baseline 0.005 -20"><span class='ocrx_word' id='word_1_167' title='bbox 120 2176 265 2252; x_wconf 82' lang='grc' dir='ltr'><strong><em>συζῶσιν</em></strong></span> <span class='ocrx_word' id='word_1_168' title='bbox 283 2175 329 2258; x_wconf 82' lang='grc' dir='ltr'><strong><em>μὴ</em></strong></span> <span class='ocrx_word' id='word_1_169' title='bbox 352 2175 549 2258; x_wconf 79' lang='grc' dir='ltr'><strong><em>συμπίπτειν</em></strong></span> <span class='ocrx_word' id='word_1_170' title='bbox 567 2175 681 2252; x_wconf 86' lang='grc' dir='ltr'><strong><em>ἀλλοις</em></strong></span> <span class='ocrx_word' id='word_1_171' title='bbox 705 2176 789 2240; x_wconf 87' lang='grc' dir='ltr'><strong><em>ἀλλα</em></strong></span> <span class='ocrx_word' id='word_1_172' title='bbox 807 2184 952 2241; x_wconf 82' lang='grc' dir='ltr'><strong><em>τοιαῦτα.</em></strong></span> <span class='ocrx_word' id='word_1_173' title='bbox 998 2176 1059 2241; x_wconf 90' lang='grc' dir='ltr'><strong><em>σὸν</em></strong></span> <span class='ocrx_word' id='word_1_174' title='bbox 1073 2169 1135 2241; x_wconf 86' lang='grc' dir='ltr'><strong><em>οὖν</em></strong></span> <span class='ocrx_word' id='word_1_175' title='bbox 1155 2194 1189 2244; x_wconf 81' lang='lat'><strong><em>28</em></strong></span> 
     </span>
     <span class='ocr_line' id='line_1_21' title="bbox 119 2278 1136 2365; baseline 0.002 -21"><span class='ocrx_word' id='word_1_176' title='bbox 119 2283 221 2365; x_wconf 83' lang='grc' dir='ltr'><strong><em>ἔργον</em></strong></span> <span class='ocrx_word' id='word_1_177' title='bbox 244 2278 389 2345; x_wconf 76' lang='grc' dir='ltr'><strong><em>ἐλθόντα</em></strong></span> <span class='ocrx_word' id='word_1_178' title='bbox 411 2281 517 2346; x_wconf 81' lang='grc' dir='ltr'><strong><em>εἰπεῖν</em></strong></span> <span class='ocrx_word' id='word_1_179' title='bbox 540 2279 560 2345; x_wconf 83' lang='grc' dir='ltr'><strong><em>ἀ</em></strong></span> <span class='ocrx_word' id='word_1_180' title='bbox 584 2281 647 2364; x_wconf 85' lang='grc' dir='ltr'><strong><em>δεῖ,</em></strong></span> <span class='ocrx_word' id='word_1_181' title='bbox 675 2278 857 2346; x_wconf 76' lang='grc' dir='ltr'><strong><em>διαθέσθαι</em></strong></span> <span class='ocrx_word' id='word_1_182' title='bbox 879 2289 982 2346; x_wconf 86' lang='grc' dir='ltr'><strong><em>ταῦτα</em></strong></span> <span class='ocrx_word' id='word_1_183' title='bbox 1000 2281 1045 2358; x_wconf 82' lang='grc' dir='ltr'><strong><em>ὡς</em></strong></span> <span class='ocrx_word' id='word_1_184' title='bbox 1067 2281 1136 2346; x_wconf 76' lang='grc' dir='ltr'><strong><em>ἐπι-</em></strong></span> 
     </span>
     <span class='ocr_line' id='line_1_22' title="bbox 78 2380 1188 2471; baseline 0.002 -19"><span class='ocrx_word' id='word_1_185' title='bbox 78 2398 107 2439; x_wconf 80' lang='lat'><strong><em>20</em></strong></span> <span class='ocrx_word' id='word_1_186' title='bbox 119 2386 245 2471; x_wconf 84' lang='grc' dir='ltr'><strong><em>βάλλει.</em></strong></span> <span class='ocrx_word' id='word_1_187' title='bbox 283 2380 353 2451; x_wconf 85' lang='grc' dir='ltr'><strong><em>εἶτα</em></strong></span> <span class='ocrx_word' id='word_1_188' title='bbox 375 2384 500 2464; x_wconf 77' lang='grc' dir='ltr'><strong><em>ἐκεῖνος</em></strong></span> <span class='ocrx_word' id='word_1_189' title='bbox 523 2384 611 2470; x_wconf 83' lang='grc' dir='ltr'><strong><em>λέγει</em></strong></span> <span class='ocrx_word' id='word_1_190' title='bbox 634 2386 750 2471; x_wconf 61' lang='grc' dir='ltr'><strong><em>*κρινῶ</em></strong></span> <span class='ocrx_word' id='word_1_191' title='bbox 769 2403 806 2450; x_wconf 87' lang='grc' dir='ltr'><strong><em>σε</em></strong></span> <span class='ocrx_word' id='word_1_192' title='bbox 825 2384 975 2451; x_wconf 66' lang='grc' dir='ltr'><strong><em>ἀδικεῖν.</em></strong></span> <span class='ocrx_word' id='word_1_193' title='bbox 1012 2380 1062 2450; x_wconf 56' lang='grc' dir='ltr'><strong><em>εεὖ</em></strong></span> <span class='ocrx_word' id='word_1_194' title='bbox 1081 2403 1135 2450; x_wconf 90' lang='grc' dir='ltr'><strong><em>σοι</em></strong></span> <span class='ocrx_word' id='word_1_195' title='bbox 1154 2405 1188 2455; x_wconf 77' lang='lat'><strong><em>29</em></strong></span> 
     </span>
     <span class='ocr_line' id='line_1_23' title="bbox 119 2488 1135 2576; baseline 0 -19"><span class='ocrx_word' id='word_1_196' title='bbox 119 2491 261 2576; x_wconf 81' lang='grc' dir='ltr'><strong><em>γένοιτο.</em></strong></span> <span class='ocrx_word' id='word_1_197' title='bbox 307 2491 444 2575; x_wconf 80' lang='grc' dir='ltr'><strong><em>ἐποίησα</em></strong></span> <span class='ocrx_word' id='word_1_198' title='bbox 472 2490 537 2575; x_wconf 76' lang='grc' dir='ltr'><strong><em>ἐγὼ</em></strong></span> <span class='ocrx_word' id='word_1_199' title='bbox 564 2494 602 2558; x_wconf 87' lang='grc' dir='ltr'><strong><em>τὸ</em></strong></span> <span class='ocrx_word' id='word_1_200' title='bbox 630 2492 727 2576; x_wconf 82' lang='grc' dir='ltr'><strong><em>ἐμόν,</em></strong></span> <span class='ocrx_word' id='word_1_201' title='bbox 758 2492 790 2556; x_wconf 82' lang='grc' dir='ltr'><strong><em>εί</em></strong></span> <span class='ocrx_word' id='word_1_202' title='bbox 812 2488 846 2556; x_wconf 71' lang='grc' dir='ltr'><strong><em>δὲ</em></strong></span> <span class='ocrx_word' id='word_1_203' title='bbox 869 2489 924 2556; x_wconf 81' lang='grc' dir='ltr'><strong><em>καὶ</em></strong></span> <span class='ocrx_word' id='word_1_204' title='bbox 948 2493 989 2556; x_wconf 88' lang='grc' dir='ltr'><strong><em>σὺ</em></strong></span> <span class='ocrx_word' id='word_1_205' title='bbox 1013 2493 1050 2557; x_wconf 86' lang='grc' dir='ltr'><strong><em>τὸ</em></strong></span> <span class='ocrx_word' id='word_1_206' title='bbox 1074 2494 1135 2557; x_wconf 90' lang='grc' dir='ltr'><strong><em>σὸν</em></strong></span> 
     </span>
     <span class='ocr_line' id='line_1_24' title="bbox 119 2596 1135 2684; baseline 0.002 -22"><span class='ocrx_word' id='word_1_207' title='bbox 119 2596 277 2680; x_wconf 84' lang='grc' dir='ltr'><strong><em>ἐποίησας</em></strong></span> <span class='ocrx_word' id='word_1_208' title='bbox 299 2598 375 2675; x_wconf 79' lang='grc' dir='ltr'><strong><em>ὄψει</em></strong></span> <span class='ocrx_word' id='word_1_209' title='bbox 398 2597 511 2675; x_wconf 81' lang='grc' dir='ltr'><strong><em>αὐτός·</em></strong></span> <span class='ocrx_word' id='word_1_210' title='bbox 540 2601 609 2664; x_wconf 76' lang='grc' dir='ltr'><strong><em>ἔστι</em></strong></span> <span class='ocrx_word' id='word_1_211' title='bbox 631 2598 694 2684; x_wconf 87' lang='grc' dir='ltr'><strong><em>γάρ</em></strong></span> <span class='ocrx_word' id='word_1_212' title='bbox 718 2620 768 2676; x_wconf 92' lang='grc' dir='ltr'><strong><em>τις</em></strong></span> <span class='ocrx_word' id='word_1_213' title='bbox 790 2596 944 2664; x_wconf 87' lang='grc' dir='ltr'><strong><em>κάκείνου</em></strong></span> <span class='ocrx_word' id='word_1_214' title='bbox 967 2599 1135 2683; x_wconf 86' lang='grc' dir='ltr'><strong><em>κίνδυνος,</em></strong></span> 
     </span>
     <span class='ocr_line' id='line_1_25' title="bbox 118 2702 466 2788; baseline 0.006 -20"><span class='ocrx_word' id='word_1_215' title='bbox 118 2706 164 2788; x_wconf 84' lang='grc' dir='ltr'><strong><em>μή</em></strong></span> <span class='ocrx_word' id='word_1_216' title='bbox 189 2719 226 2768; x_wconf 89' lang='grc' dir='ltr'><strong><em>σε</em></strong></span> <span class='ocrx_word' id='word_1_217' title='bbox 250 2702 466 2770; x_wconf 76' lang='grc' dir='ltr'><strong><em>λανθανέτω.’</em></strong></span> 
     </span>
    </p>
   </div>
   <div class='ocr_carea' id='block_1_4' title="bbox 402 2966 853 3057">
    <p class='ocr_par' dir='ltr' id='par_1_4' title="bbox 402 2966 853 3057">
     <span class='ocr_line' id='line_1_26' title="bbox 402 2966 853 3057; baseline -0.007 -19"><span class='ocrx_word' id='word_1_218' title='bbox 402 2966 445 3038; x_wconf 74' lang='grc' dir='ltr'><strong><em>ς’.</em></strong></span> <span class='ocrx_word' id='word_1_219' title='bbox 482 2967 582 3055; x_wconf 80' lang='grc' dir='ltr'><strong><em>Περὶ</em></strong></span> <span class='ocrx_word' id='word_1_220' title='bbox 604 2968 853 3057; x_wconf 79' lang='grc' dir='ltr'><strong><em>ἀδιαφορίας.</em></strong></span> 
     </span>
    </p>
   </div>
   <div class='ocr_carea' id='block_1_5' title="bbox 78 3091 1168 3286">
    <p class='ocr_par' dir='ltr' id='par_1_5' title="bbox 78 3091 1168 3286">
     <span class='ocr_line' id='line_1_27' title="bbox 78 3091 1168 3181; baseline -0.001 -19"><span class='ocrx_word' id='word_1_221' title='bbox 78 3121 104 3162; x_wconf 79' lang='grc' dir='ltr'><strong><em>ιι</em></strong></span> <span class='ocrx_word' id='word_1_222' title='bbox 192 3093 237 3158; x_wconf 87' lang='grc' dir='ltr'><strong><em>Τὸ</em></strong></span> <span class='ocrx_word' id='word_1_223' title='bbox 261 3091 473 3177; x_wconf 79' lang='grc' dir='ltr'><strong><em>συνημμένον</em></strong></span> <span class='ocrx_word' id='word_1_224' title='bbox 496 3093 696 3179; x_wconf 80' lang='grc' dir='ltr'><strong><em>ἀδιάφορον·</em></strong></span> <span class='ocrx_word' id='word_1_225' title='bbox 720 3095 742 3178; x_wconf 80' lang='grc' dir='ltr'><em>ἡ</em></span> <span class='ocrx_word' id='word_1_226' title='bbox 765 3096 909 3181; x_wconf 80' lang='grc' dir='ltr'><strong><em>κρίσιςὴ</em></strong></span> <span class='ocrx_word' id='word_1_227' title='bbox 933 3093 1008 3180; x_wconf 80' lang='grc' dir='ltr'><strong><em>περὶ</em></strong></span> <span class='ocrx_word' id='word_1_228' title='bbox 1031 3095 1134 3162; x_wconf 83' lang='grc' dir='ltr'><strong><em>αὐτοῦ</em></strong></span> <span class='ocrx_word' id='word_1_229' title='bbox 1154 3115 1168 3162; x_wconf 91' lang='lat'>1</span> 
     </span>
     <span class='ocr_line' id='line_1_28' title="bbox 118 3195 1133 3286; baseline 0.003 -21"><span class='ocrx_word' id='word_1_230' title='bbox 118 3198 182 3265; x_wconf 87' lang='grc' dir='ltr'><strong><em>ονκ</em></strong></span> <span class='ocrx_word' id='word_1_231' title='bbox 214 3197 412 3284; x_wconf 82' lang='grc' dir='ltr'><strong><em>ἀδιάφορος,</em></strong></span> <span class='ocrx_word' id='word_1_232' title='bbox 443 3195 515 3265; x_wconf 85' lang='grc' dir='ltr'><strong><em>ἀλλ’</em></strong></span> <span class='ocrx_word' id='word_1_233' title='bbox 555 3199 576 3284; x_wconf 77' lang='grc' dir='ltr'><em>ἢ</em></span> <span class='ocrx_word' id='word_1_234' title='bbox 606 3199 766 3286; x_wconf 81' lang='grc' dir='ltr'><strong><em>ἐπιστήμη</em></strong></span> <span class='ocrx_word' id='word_1_235' title='bbox 797 3201 819 3285; x_wconf 75' lang='grc' dir='ltr'><em>ἢ</em></span> <span class='ocrx_word' id='word_1_236' title='bbox 851 3201 933 3281; x_wconf 82' lang='grc' dir='ltr'><strong><em>δόξα</em></strong></span> <span class='ocrx_word' id='word_1_237' title='bbox 964 3201 985 3286; x_wconf 77' lang='grc' dir='ltr'><em>ἢ</em></span> <span class='ocrx_word' id='word_1_238' title='bbox 1018 3201 1133 3286; x_wconf 85' lang='grc' dir='ltr'><strong><em>ἀπάτη.</em></strong></span> 
     </span>
    </p>
   </div>
   <div class='ocr_carea' id='block_1_6' title="bbox 117 3315 334 3325">
    <p class='ocr_par' dir='ltr' id='par_1_6' title="bbox 117 3315 334 3325">
     <span class='ocr_line' id='line_1_29' title="bbox 117 3315 334 3325; baseline 0.009 -2"><span class='ocrx_word' id='word_1_239' title='bbox 117 3315 334 3325; x_wconf 48' lang='grc' dir='ltr'><strong><em>-ῇ-</em></strong></span> 
     </span>
    </p>
   </div>
   <div class='ocr_carea' id='block_1_7' title="bbox 192 3354 1134 3438">
    <p class='ocr_par' dir='ltr' id='par_1_7' title="bbox 192 3354 1134 3438">
     <span class='ocr_line' id='line_1_30' title="bbox 192 3354 1134 3438; baseline 0.007 -30"><span class='ocrx_word' id='word_1_240' title='bbox 192 3361 205 3409; x_wconf 93' lang='grc'>1</span> <span class='ocrx_word' id='word_1_241' title='bbox 227 3355 352 3438; x_wconf 59' lang='grc' dir='ltr'><strong><em>αντδδι</em></strong></span> <span class='ocrx_word' id='word_1_242' title='bbox 377 3370 446 3412; x_wconf 79' lang='lat' dir='ltr'><em>corr.</em></span> <span class='ocrx_word' id='word_1_243' title='bbox 465 3354 514 3425; x_wconf 89' lang='lat' dir='ltr'><strong><em>S;</em></strong></span> <span class='ocrx_word' id='word_1_244' title='bbox 537 3357 602 3424; x_wconf 79' lang='lat' dir='ltr'><strong><em>fort.</em></strong></span> <span class='ocrx_word' id='word_1_245' title='bbox 622 3357 696 3430; x_wconf 77' lang='grc' dir='ltr'><strong><em>αντῷ</em></strong></span> <span class='ocrx_word' id='word_1_246' title='bbox 731 3358 741 3427; x_wconf 71' lang='lat' dir='ltr'>fl</span> <span class='ocrx_word' id='word_1_247' title='bbox 777 3358 1009 3428; x_wconf 76' lang='grc' dir='ltr'><strong><em>8ἀφορισθηναι</em></strong></span> <span class='ocrx_word' id='word_1_248' title='bbox 1026 3358 1108 3415; x_wconf 75' lang='grc' dir='ltr'><strong><em>Εἶναι·</em></strong></span> <span class='ocrx_word' id='word_1_249' title='bbox 1125 3359 1134 3431; x_wconf 73' lang='grc' dir='ltr'><em>Η</em></span> 
     </span>
    </p>
   </div>
   <div class='ocr_carea' id='block_1_8' title="bbox 117 3494 1133 3641">
    <p class='ocr_par' dir='ltr' id='par_1_8' title="bbox 117 3494 1133 3641">
     <span class='ocr_line' id='line_1_31' title="bbox 118 3494 1133 3637; baseline 0.003 -87"><span class='ocrx_word' id='word_1_250' title='bbox 118 3495 256 3556; x_wconf 71' lang='grc' dir='ltr'><strong><em>θὸτεδ</em></strong></span> <span class='ocrx_word' id='word_1_251' title='bbox 286 3494 444 3581; x_wconf 72' lang='grc' dir='ltr'><strong><em>[113ἦεε</em></strong></span> <span class='ocrx_word' id='word_1_252' title='bbox 462 3495 534 3566; x_wconf 67' lang='grc' dir='ltr'><strong><em>ήδς</em></strong></span> <span class='ocrx_word' id='word_1_253' title='bbox 551 3498 617 3571; x_wconf 67' lang='grc' dir='ltr'><strong><em>ῄθ</em></strong></span> <span class='ocrx_word' id='word_1_254' title='bbox 646 3500 657 3568; x_wconf 72' lang='grc' dir='ltr'><strong><em>λ</em></strong></span> <span class='ocrx_word' id='word_1_255' title='bbox 688 3498 875 3588; x_wconf 64' lang='grc' dir='ltr'><strong><em>νῖόψηιδε</em></strong></span> <span class='ocrx_word' id='word_1_256' title='bbox 895 3498 1133 3637; x_wconf 44' lang='grc' dir='ltr'><strong><em>ὅψειθςηὲν·</em></strong></span> 
     </span>
     <span class='ocr_line' id='line_1_32' title="bbox 117 3566 1023 3641; baseline 0.005 -20"><span class='ocrx_word' id='word_1_257' title='bbox 117 3567 227 3638; x_wconf 68' lang='grc' dir='ltr'><strong><em>τός-π,</em></strong></span> <span class='ocrx_word' id='word_1_258' title='bbox 256 3572 282 3624; x_wconf 79' lang='grc' dir='ltr'><strong><em>τί</em></strong></span> <span class='ocrx_word' id='word_1_259' title='bbox 303 3567 335 3622; x_wconf 77' lang='lat' dir='ltr'><strong><em>in</em></strong></span> <span class='ocrx_word' id='word_1_260' title='bbox 356 3585 498 3640; x_wconf 61' lang='lat' dir='ltr'><em>mam-.-</em></span> <span class='ocrx_word' id='word_1_261' title='bbox 513 3567 683 3641; x_wconf 81' lang='grc' dir='ltr'><strong><em>δμολογοομέ</em></strong></span> <span class='ocrx_word' id='word_1_262' title='bbox 684 3589 739 3633; x_wconf 80' lang='grc' dir='ltr'><strong><em>νοις</em></strong></span> <span class='ocrx_word' id='word_1_263' title='bbox 764 3575 774 3641; x_wconf 73' lang='grc' dir='ltr'><strong><em>[Ι</em></strong></span> <span class='ocrx_word' id='word_1_264' title='bbox 806 3566 908 3638; x_wconf 59' lang='lat' dir='ltr'><strong><em>m(</em></strong></span> <span class='ocrx_word' id='word_1_265' title='bbox 895 3569 1023 3639; x_wconf 60' lang='grc' dir='ltr'><strong><em>(ῖαγδιι</em></strong></span> 
     </span>
    </p>
   </div>
   <div class='ocr_carea' id='block_1_9' title="bbox 0 0 1322 3922">
    <p class='ocr_par' dir='ltr' id='par_1_9' title="bbox 0 0 1322 3922">
     <span class='ocr_line' id='line_1_33' title="bbox 0 0 1322 3922; baseline 0 2"><span class='ocrx_word' id='word_1_266' title='bbox 0 0 1322 3922; x_wconf 95' lang='lat' dir='ltr'><strong><em> </em></strong></span> 
     </span>
    </p>
   </div>
  </div>
 </body>
</html>
