2588 3914
90 192 176 246 (3—15)

166 392 169 398 ·
573 364 613 414 10.

157 444 262 517 Ὥσπερ
278 448 310 501 οά
330 449 399 519 ’ςτῷ
418 447 494 519 ίππρσ
512 444 615 517 κόσμος
634 444 700 502 οὐδὲ
719 453 776 514 τοῖς
796 445 888 517 ἀρυεσι
907 445 991 501 καλιά
1009 447 1099 515 ὑψοῦ-

90 555 139 588 ται
161 533 210 589 καλ
228 539 341 611 γαυριᾷ,
364 533 434 588 ἀλλά
457 534 494 606 τῷ
519 531 570 604 μὲν
592 543 642 587 τοῦ
665 534 754 597 ποδὸς
771 541 804 604 τῇ
823 534 941 603 ὠκύτητι
959 539 1047 602 ’[τοῑς
1066 531 1097 587 δὲ

90 630 147 676 τῶν
173 625 296 692 πτερῶν,
324 621 410 684 οὕτως
438 620 500 675 οὐδ’
529 622 672 694 ἀνθρώπῳ
700 620 890 690 καλλωπισμὸς
920 620 968 675 καὶ
996 614 1098 691 τρυφή,

91 709 162 770 ἀλλά
180 709 329 790 χρηστότης
347 709 396 765 καλ
414 711 534 766 εάποιία.

163 815 289 872 GnomoL
309 815 386 870 Stob.
403 819 449 884 153
468 815 539 869 Max.
557 822 599 870 12.

575 997 615 1046 11.

167 1098 223 1152 Τὸν
241 1101 463 1168 προσσμιλσῶντα
486 1103 565 1168 τριχῇ
588 1099 743 1151 διασκοποῦ
766 1093 784 1164 ἢ
808 1096 844 1158 ῶς
866 1095 1002 1165 ἀμείνονα
1025 1091 1098 1161 ἢὼς

91 1183 196 1254 ἥττονα
218 1183 235 1254 ἢ
259 1185 296 1247 ῶς
314 1181 386 1240 ἶσον·
413 1184 462 1238 καλ
480 1181 507 1238 εί
524 1183 574 1254 μὲν
593 1185 741 1254 ἀμείνονα,
765 1183 880 1238 ἀκούειν
899 1181 950 1252 χρὴ
969 1181 1018 1237 καλ
1035 1182 1097 1236 πεί-

90 1277 200 1328 θεσθαι
218 1275 305 1344 αὐτῷ·
326 1271 353 1328 εί
370 1272 401 1327 δὲ
420 1270 531 1342 ἥττονα,
549 1275 677 1328 πεάἀειν·
696 1270 723 1328 εί
740 1271 770 1327 δὲ
791 1269 860 1339 ἷοον,
879 1276 1047 1340 συμφωνεῖν.

163 1378 288 1433 Gnomol.
308 1377 385 1432 stob.
400 1384 448 1447 273
466 1377 540 1432 Max.
557 1384 597 1433 15.

573 1558 613 1607 12.

154 1656 260 1728 Ὥσπερ
289 1655 418 1729 μέλιτταν
442 1659 475 1713 οά
503 1657 552 1712 διὰ
573 1657 605 1712 τὸ
628 1655 744 1728 κέντρον
770 1663 870 1728 μισεῖς,
895 1656 964 1711 ἀλλά
982 1655 1031 1710 διὰ
1046 1656 1096 1722 τὸν

93 1747 201 1817 καρπὸν
219 1751 357 1817 τημελεῖς,
376 1745 446 1801 οὕτω
465 1745 515 1800 καλ
533 1747 616 1815 φίλον
635 1745 671 1816 μὴ
687 1743 725 1799 δι’
744 1741 889 1813 ἐπίπληξιν
903 1745 1095 1814 ἀποστραφῇς,

92 1834 162 1890 ἀλλά
181 1834 230 1889 διὰ
247 1833 299 1903 τὴν
318 1833 432 1889 εάυσιαν
451 1832 555 1904 ἀγάπα.

162 1939 228 1995 cod.
247 1941 312 1998 vat.
330 1945 406 2008 1144,
421 1944 450 2008 5;
471 1939 545 1995 Max.
561 1945 585 1995 ο.
674 1909 675 1914 ’

572 2122 613 2171 13.

161 2211 247 2284 Αλροῶ
273 2211 367 2267 πάντα
394 2211 429 2266 τὰ
451 2211 546 2280 θνητά
568 2211 618 2266 καλ
639 2209 723 2282 γήινα
746 2208 922 2267 ἀπολέσαντα
944 2207 996 2264 ἕνα
1020 2209 1096 2265 ἀθά-

93 2321 179 2357 νατσν
198 2300 246 2356 καλ
265 2298 398 2370 οάροίνιον
417 2297 584 2366 κτήσασθαι.

161 2388 234 2443 Max.
250 2390 292 2441 53.

574 2461 614 2511 14.

157 2562 189 2618 Ὁ
203 2563 324 2634 πλουσίῳ
343 2570 468 2633 χορηγῶν
484 2560 567 2616 οὐδὲν
585 2559 715 2632 διαφέρει
734 2569 782 2616 τοῦ
802 2560 841 2625 είς
854 2559 1002 2616 θάλαοσαν
1020 2560 1095 2632 ὕδωρ

92 2649 242 2724 ἐκχέοντος.

160 2740 234 2794 Max.
253 2744 277 2794 8.

573 2813 614 2862 15.

156 2903 282 2976 ’Ἄμεινον
300 2907 415 2968 δικαίως
437 2906 572 2975 κρίναντα
594 2903 664 2974 πρὸς
688 2912 737 2958 τοῦ
756 2900 1014 2966 καταδικασθέντος
1031 2904 1095 2958 ἀδί-

93 3015 147 3056 κως
175 2997 342 3064 μεμφθῆναι
369 2991 386 3061 ἢ
415 2993 519 3056 ἀδίκως
543 2994 679 3063 κρίναντα
708 2991 786 3062 παρὰ
810 2999 843 3062 τῇ
869 2991 953 3060 φύσει
979 2993 1094 3055 δικαίως

94 3079 240 3150 ψέγεσθαι.
1087 3072 1088 3077 ’

162 3168 287 3224 Gnomol.
307 3169 384 3224 stob.
399 3174 446 3238 533
465 3169 538 3225 Max.
553 3173 578 3224 5.

164 3316 204 3364 10.
233 3317 247 3363 1
266 3311 413 3376 ἀψοῶσίλαι
430 3309 479 3364 καλ
492 3317 612 3380 γαυριᾶν
627 3310 741 3364 δίδωσιν
755 3315 780 3365 et
793 3310 832 3379 (2)
846 3307 864 3378 ἡ
878 3309 985 3380 ὠκύτης
995 3309 1093 3384 Mam

93 3389 107 3436 3
126 3389 234 3452 πετρῶν
252 3382 308 3436 eod.
329 3381 396 3436 Par.

162 3458 203 3510 11.
234 3458 247 3507 1
268 3449 286 3504 ἀ
308 3469 384 3506 εινον
401 3452 459 3506 cod.
478 3451 543 3506 Par.
564 3457 590 3506 et
607 3451 685 3506 Max.

161 3529 202 3579 14.
236 3530 249 3576 1
291 3521 471 3593 χαριζόμενος
488 3519 527 3595 ἢ)
548 3529 672 3592 χορηγῶν
693 3521 773 3577 Μσυ.

876 3609 931 3664 31*
