2630 3928
126 229 154 284 (1,
170 233 191 284 ι,
205 228 295 285 ιι-,ιη
436 221 590 272 Βιοαιοα
606 219 766 275 mmor«.
793 219 832 277 ς’,
1096 207 1138 282 25

123 383 292 466 γενόμενα
310 376 348 445 δὲ
366 375 421 446 καὶ
439 379 619 468 εὑρεθέντα
643 380 805 468 εὔχρηστα
822 376 866 465 ἦν
879 383 961 468 πρὸς
979 382 1016 446 τὸ
1037 380 1139 458 δείξαι

123 486 183 553 καὶ
206 488 373 571 γυμνάσαι
395 490 455 554 τὸν
473 485 644 574 Ἡρακλέα.
937 479 943 490 ’

186 593 266 678 ’Ἁγε
290 589 353 660 οὖν
374 593 430 660 καὶ
453 599 494 660 σὺ
518 596 644 661 τούτων
663 597 864 680 αἰσθόμενος
882 594 1073 679 ἀπόβλεψον
1092 597 1145 671 είς
1157 609 1190 658 37

125 701 186 777 τδις
209 701 367 785 δονάμεις
390 701 534 787 ἀςέχεις
556 699 612 766 καὶ
633 700 764 786 Ιἀπιδὼν
791 697 862 766 εἰπὲ
891 699 982 787 “φε’ρε
1005 711 1085 784 νῦν,
1113 696 1139 766 ὦ

94 811 214 890 εΖεῦ,
241 807 285 892 ἣν
311 805 422 884 θέλεις
449 812 655 895 περίστασιν·
685 811 746 894 ἔχω
774 809 837 893 γάρ
864 809 1076 894 παρασκευὴν
1104 806 1140 872 ἐκ

128 923 193 979 σοῦ
226 937 283 998 μοι
316 914 499 998 δεδομένην
529 913 584 980 καὶ
617 913 767 1000 ἀφορμὰς
798 918 881 1002 πρὸς
910 919 947 982 τὸ
977 924 1139 999 κοσμῆσαι

128 1021 187 1086 διδι
214 1029 282 1085 τῶν
309 1023 558 1106 ἀποβαινόντων
582 1021 744 1106 έμαυτόν.’
791 1023 844 1087 οὔ·
875 1021 959 1087 ἀλλδι
987 1022 1139 1105 κάθησθε
1158 1035 1191 1085 38

126 1129 169 1192 τὰ
197 1122 258 1212 μὲν
286 1127 330 1210 μὴ
358 1131 467 1212 συμβῇ
496 1126 684 1214 τρέμοντες,
714 1125 832 1215 (περὶ)
856 1124 893 1193 δὲ
914 1139 981 1193 τῶν
1002 1131 1140 1212 σαμβαι-
1223 1187 1224 1190 ,

128 1237 260 1299 νόνιων
274 1233 475 1319 ὀδυρόμενοι
492 1233 548 1300 καὶ
566 1241 770 1311 πενθοῦντες
787 1234 842 1300 καὶ
865 1233 1046 1311 στένοντες·
1071 1229 1141 1300 εἶτα
1159 1248 1192 1298 39

84 1363 115 1403 ιο
128 1351 200 1417 τοῖς
225 1346 320 1417 θεοῖς
347 1339 520 1422 ἐγκαλεῖτε.
568 1345 605 1416 τί
629 1341 692 1427 γάρ
721 1340 809 1407 ἐστιν
839 1343 920 1408 ἀλλο
951 1340 1140 1406 ἀκόλουθον
1190 1332 1226 1435 ⁴⁸}

129 1455 169 1531 τῇ
192 1447 328 1534 τοιαύτη
352 1446 506 1534 ἀγεννείηι
527 1447 548 1531 ἢ
571 1445 625 1512 καὶ
654 1446 800 1532 ἀσέβεια;
829 1453 935 1514 καίτοι
959 1448 977 1513 ὅ
1001 1471 1037 1530 γε
1059 1449 1140 1523 θεὸς
1157 1463 1192 1512 40
1218 1441 1222 1561 ξ

130 1552 173 1618 οὐ
196 1557 302 1638 μόνον
326 1555 448 1619 ἔδωκεν
471 1553 550 1638 ἡμῖν
573 1555 631 1631 τὰς
654 1555 811 1638 δυνάμεις
838 1557 972 1638 ταύτας,
999 1551 1076 1620 καθ’
1103 1553 1141 1630 ἀς
1216 1572 1220 1639 3

130 1665 268 1743 οίσομεν
304 1668 372 1726 πᾶν
402 1663 440 1726 τὸ
476 1660 660 1745 ἀποβαῖνον
692 1662 737 1744 μὴ
773 1663 1025 1745 ταπεινούμενοι
1057 1657 1141 1745 μηδὲ
1214 1642 1220 1757 J

129 1768 360 1850 συγκλώμενοι
387 1763 445 1831 ὑπ’
472 1766 592 1851 αὐτοῦ,
621 1764 692 1832 ἀλλ’
721 1763 804 1852 δην
828 1766 960 1852 ἀγαθοῦ
981 1766 1142 1852 βασιλέως
1178 1852 1180 1857 ¹
1217 1766 1222 1833 λ

88 1897 113 1936 ιε
127 1870 186 1938 καὶ
215 1884 286 1950 ταῖς
315 1873 487 1957 ἀληθείαις
515 1878 648 1959 πατρός,
680 1873 850 1940 ἀκώλυτον
879 1886 977 1941 τοῦτο
1007 1875 1140 1957 ἔδωκεν,
1218 1837 1224 1982 ἀ

103 1979 392 2071 Ιάνανάγκαστον,
425 1980 692 2066 ἀπαραπόδιστον
723 1980 821 2066 <καὶ>
854 1981 933 2046 ὅλον
965 1980 1046 2046 αὐτὸ
1084 1978 1137 2065 ἐφ’

127 2085 209 2170 ἡμῖν
233 2085 389 2170 ἐποίησεν
412 2085 484 2152 οὐδ’
508 2087 596 2176 αὐτῷ
621 2111 696 2152 τινα
718 2089 801 2172 πρὸς
823 2098 919 2154 τοῦτο
944 2089 1041 2172 ἰσχὺν
1061 2086 1140 2152 όπο-

127 2193 254 2277 λιπών,
292 2193 375 2258 ὥστε
407 2194 553 2258 κωλύσαι
585 2192 606 2277 ἢ
639 2191 822 2276 ἐμποδίσαι.
876 2202 978 2258 ταῦτα
1011 2196 1140 2279 ἔχοντες
1158 2208 1189 2258 41

128 2299 292 2385 ἐλεύθερα
314 2297 369 2364 καὶ
391 2298 533 2385 ὑμέτερα
555 2301 599 2382 μὴ
627 2305 754 2385 χρῆσθε
785 2300 895 2377 αὐτοῖς
923 2298 995 2365 οὐδ’
1021 2301 1139 2366 αίσθά-

85 2429 112 2469 εο
125 2412 231 2472 νεσθε
258 2409 333 2471 τίνοι
360 2406 514 2489 είληφατε
541 2403 596 2470 καὶ
623 2408 711 2491 παρὰ
740 2410 844 2490 τίνος,
875 2405 959 2500 ἀλλά
985 2406 1138 2489 κάθησθε
1158 2422 1191 2469 42

126 2519 335 2590 πενθοῦντες
348 2509 404 2576 καὶ
423 2511 593 2588 στένοντες
611 2514 647 2593 οί
661 2509 722 2596 μὲν
741 2515 825 2598 πρὸς
843 2511 945 2578 αὐτὸν
962 2514 1021 2578 τὸν
1038 2513 1139 2578 δόντα

127 2617 440 2704 ἀποτετυφλωμένοι
467 2615 544 2702 μηδ’
573 2617 844 2701 ἐπιγινώσκοντες
871 2621 930 2684 τὸν
953 2616 1140 2704 εὐεργέτην,

127 2727 163 2790 οί
189 2722 222 2790 δ’
254 2722 311 2790 ὑπ’
338 2725 508 2808 ἀγεννείας
538 2726 585 2802 είς
611 2723 748 2809 μέμψεις
773 2723 830 2790 καὶ
859 2728 925 2808 [τοι]
955 2723 1139 2810 ἐγκλήματα

200 2962 245 3022 3,4
265 2953 356 3008 Stel„
376 2953 476 3008 καλοῦ
495 2985 530 2994 -
548 2953 598 3016 τὰς
616 2954 758 3023 δννάμεις.

201 3031 289 3080 6-17
309 3025 400 3080 Stob.:
419 3025 468 3080 καὶ
487 3025 618 3095 ἀφορμὰς
636 3057 670 3065 -
690 3024 828 3096 ἐποίησεν.

199 3243 216 3292 3
235 3236 445 3309 αίσθανόμενος
463 3237 568 3313 βλέψον
587 3240 660 3296 Stob.
687 3241 697 3309 ΙΙ
729 3247 744 3294 5
763 3237 799 3308 ἣν
813 3241 835 3296 S
850 3245 900 3306 (αα
918 3237 998 3308 ἣνὲ).·
1017 3256 1112 3295 εοεαε
1131 3239 1139 3310 Η

126 3307 215 3382 θέλῃς
230 3309 261 3370 δα
290 3313 300 3380 ss
323 3317 338 3364 6
353 3310 422 3380 πρὸς
432 3341 465 3350 -
476 3313 514 3380 (7)
525 3306 659 3382 έμαντόν]
675 3309 714 3365 δι’
730 3307 769 3366 ὧν
783 3310 930 3382 κοσμήσας
944 3311 1048 3365 οαντόν
1066 3310 1138 3378 Stob,

127 3379 273 3453 8<περὶ>
292 3382 391 3437 addidi
409 3399 443 3438 ex
462 3382 534 3437 Stob.
567 3385 576 3452 ΙΙ
608 3383 640 3438 δὲ
660 3391 715 3437 τῶν
734 3384 820 3438 stow
838 3391 893 3437 τῶν
913 3381 986 3438 (HS
1015 3385 1024 3452 Ι]
1056 3379 1139 3434 9καὶ

126 3456 305 3514 πενθοῦντες
323 3452 371 3506 καί
389 3450 532 3516 στένοντες
550 3471 600 3509 om.
616 3454 689 3518 βίον.
717 3457 726 3522 ΙΙ
754 3460 786 3507 14
800 3452 850 3508 ὑπ’
868 3455 954 3508 αὐτοῦ
974 3470 1023 3507 om.
1043 3451 1115 3506 Stob.
1130 3451 1139 3520 λΙ

130 3530 161 3578 Ῑό
181 3521 408 3592 ἀνανάγκαστον,
428 3522 660 3594 ἀπαραπόδιστον
679 3525 814 3581 οκι.’8ίοδ.
847 3529 856 3594 ΙΙ
885 3523 935 3577 καὶ
953 3539 1002 3577 om.
1023 3522 1055 3577 S.-
1074 3522 1137 3575 add.

129 3595 200 3652 ὁδοῦ.
224 3596 234 3664 ψ
259 3600 292 3648 19
311 3594 360 3666 μὴ]
380 3596 412 3650 οῦ
431 3612 444 3650 ε
466 3599 476 3666 ΙΙ
498 3602 532 3650 23
551 3595 587 3650 τά
605 3597 656 3652 del.
675 3613 703 3666 s;
720 3598 833 3664 sortasse
848 3596 989 3665 ίιρινάακι
1006 3591 1103 3646 τεκαὶ
