2650 3930
87 239 89 244 Ι
179 167 243 231 162
324 169 506 220 ΑΡΡΙΑΝΟΤ
523 167 597 218 ΤΩΝ
615 165 832 219 ΕΠΙΚΤΗΤΟΤ
849 168 1044 222 ΔΙΑΤΡΙΒΩΝ

177 347 230 393 σοι
254 337 433 409 συνοικεῖν,
455 328 499 412 μὴ
522 325 601 392 θέλε
623 325 736 415 μένειν
760 326 797 391 έν
816 329 975 416 Κορίνθῳ
998 327 1053 394 καὶ
1077 327 1190 408 ἁπλῶς

176 429 281 517 μηδὲν
308 435 389 498 ἀλλο
418 431 497 496 θέλε
525 431 545 516 ἣ
573 431 593 496 δ
622 431 640 497 ὁ
662 433 742 508 θεὸς
765 431 867 496 θέλει.
912 429 968 497 καί
990 436 1041 510 τίς
1063 450 1100 499 σε
1122 459 1189 501 κω-

177 540 281 622 λύσει,
304 541 353 614 τίς
374 535 568 620 ἀναγκάσεις
593 537 634 602 οὐ
657 541 784 621 μᾶλλον
807 536 827 621 ἣ
851 539 910 602 τὸν
932 540 1009 604 Δία.

122 663 156 710 23
233 643 333 709 Ὅταν
356 653 508 710 τοιοῦτον
527 645 602 729 έχης
619 643 765 728 ἡγεμόνα
783 641 839 708 καὶ
860 645 1000 734 τοιούτῳ
1020 644 1189 732 συνθέλης

122 769 156 816 24
174 748 231 816 καὶ
254 747 430 836 συνορέχη,
456 752 491 813 τί
510 752 598 834 φοβῇ
622 751 670 813 ἔτι
693 750 737 833 μὴ
761 748 939 835 ἀποτύχης;
966 750 1103 836 χάρισαί
1122 768 1186 818 σου
1217 775 1230 814 5

175 858 236 940 τὴν
260 855 369 942 ὄρεξιν
391 851 447 919 καὶ
473 855 535 937 την
557 856 704 918 ἔκκλισιν
725 856 823 940 πενίᾳ
850 853 905 920 καὶ
931 856 1078 943 πλούτῳ·
1105 857 1187 924 ἀπο-

175 963 284 1049 τεόξη,
297 969 465 1046 περιπεση.
497 955 569 1025 ἀλλ’
587 959 707 1047 ὑχιείηι,
721 959 980 1045 θδυστυχησεις,
994 960 1121 1046 ἀρχαῖς,
1139 985 1187 1028 τι-

175 1081 261 1154 μαῖς,
275 1068 420 1153 πατρίδι,
439 1069 559 1150 φίλοις,
577 1063 715 1149 τέκνοις,
734 1064 844 1143 ἁπλῶς
857 1068 900 1131 ἀν
917 1090 984 1132 τινι
1002 1079 1069 1133 τῶν
1084 1067 1187 1153 ἀπρο-

121 1192 154 1239 ‘25
175 1173 346 1258 αιρέτοον.Ι
375 1171 458 1235 ἀλλά
489 1179 535 1258 τῷ
565 1169 625 1236 Διί
656 1172 788 1256 χάρισαι
819 1171 935 1256 αὐτός,
971 1183 1040 1250 τοῖς
1071 1175 1187 1250 ἀλλοις

174 1286 280 1354 θεοῖς·
309 1277 447 1352 ἐκείνοις
473 1277 636 1360 παράδος,
664 1275 785 1343 ἐκεῖνοι
812 1279 1083 1363 κυβερνάτοσαν,
1111 1278 1179 1364 μετ’
1203 1303 1229 1341 ιο

121 1403 155 1452 26
175 1384 311 1450 ἐκείνων
333 1383 559 1468 τετοίχθιοσαν·
589 1381 645 1447 καὶ
674 1392 740 1449 ποῦ
770 1385 818 1456 ἔτι
847 1386 1057 1469 δυσροησεις;
1089 1389 1121 1451 εί
1147 1384 1185 1452 δὲ

173 1497 329 1575 φθονεῖς,
356 1487 579 1571 ἀταλαίπωρε,
610 1486 665 1552 καὶ
698 1487 799 1566 ἐλεεῖς
830 1487 885 1554 καὶ
914 1491 1103 1574 ζηλοτυπεῖς
1129 1490 1184 1556 καλ

173 1594 301 1680 τρέμεις
322 1590 377 1659 καὶ
400 1596 479 1678 μίαν
499 1591 625 1679 ἡμέραν
644 1593 685 1659 οὐ
705 1595 895 1679 διαλείπεις,
919 1593 956 1660 έν
978 1589 999 1681 ᾖ
1023 1596 1064 1662 οὐ
1086 1611 1203 1662 κατα-Ι

166 1704 296 1777 κλαίεις
318 1698 373 1765 καὶ
397 1708 521 1766 σαυτοῦ
547 1697 603 1764 καὶ
629 1709 695 1763 τῶν
722 1705 830 1784 θεῶν,
860 1699 915 1765 καλ
943 1703 979 1766 τί
1003 1703 1051 1766 ἔτι
1078 1701 1185 1786 λέγεις

120 1825 153 1872 ‘27
172 1808 430 1884 πεπαιδεῦσθαι;
457 1806 558 1870 ποίαν
584 1805 755 1888 παιδείαν,
783 1806 955 1890 ἄνθρακες
985 1805 1036 1870 ὅτι
1064 1813 1183 1874 συλλο-
1201 1831 1227 1870 15

172 1915 311 1997 χισμοδς
334 1910 474 1994 ἔπραξας
494 1914 770 1994 μεταπίπτοντας;
794 1910 835 1976 οὐ
853 1909 964 1989 θέλεις
982 1912 1182 1997 ἀπομαθεῖν,

172 2021 204 2083 εί
225 2017 386 2099 δυνατόν,
412 2015 519 2079 πάντα
548 2025 650 2081 ταῦτα
677 2013 732 2081 καὶ
754 2017 889 2082 ἀνωθεν
916 2017 1081 2103 ἄρξασθαι
1104 2035 1183 2084 συν-

173 2123 415 2204 αισθανόμενος
437 2114 487 2184 ὅτι
510 2118 605 2205 μέχρι
628 2131 692 2186 νῦν
711 2119 783 2188 οὐδ’
806 2123 881 2206 ἥψω
903 2132 964 2188 τοῦ
982 2124 1183 2210 πράγματος,

119 2245 152 2295 ‘28
171 2226 226 2293 καί
249 2227 367 2292 λοιπὸν
395 2227 496 2289 ἔνθεν
523 2224 705 2310 ἀρξόμενος
731 2229 1006 2312 προσοικοδομεῖν
1033 2231 1074 2294 τὰ
1097 2227 1182 2314 ἑξῆς,

171 2345 240 2411 πῶς
267 2327 372 2419 μηδὲν
394 2334 484 2396 ἔσται
508 2340 569 2398 σοῦ
592 2333 637 2417 μὴ
659 2331 829 2418 θέλοντος,
851 2332 1052 2419 <θέλοντος>
1076 2333 1181 2420 μηδὲν
1196 2357 1225 2395 κο

172 2441 233 2506 οὐκ
255 2441 361 2517 έσται;

118 2564 151 2613 29
238 2550 325 2612 Δότε
344 2567 401 2630 μοι
417 2543 478 2610 ἕνα
497 2542 575 2610 νέον
593 2546 676 2610 κατὰ
694 2547 817 2628 ταύτην
840 2547 901 2629 την
927 2545 1085 2632 ἐπιβολὴν
1108 2545 1181 2632 έλη·

170 2655 298 2717 λυθότα
325 2653 372 2727 είς
399 2653 538 2735 σχολήν,
570 2653 692 2717 τούτου
725 2661 785 2717 τοῦ
812 2652 1002 2738 πράγματος
1029 2653 1181 2738 ἀθλητὴν

171 2759 352 2841 γενόμενον
374 2754 427 2820 καλ
451 2752 590 2839 λέγοντα
617 2757 668 2821 ὅτι
697 2755 781 2840 εἐμοὶ
808 2759 849 2824 τδι
876 2754 938 2842 μέν
961 2760 1046 2824 ἀλλα
1062 2759 1180 2825 πάντα

58 2871 61 2875 ’
170 2861 324 2947 χαιρέτω,
352 2860 447 2944 ἀρκεῖ
471 2859 501 2926 δ’
528 2864 560 2926 εί
585 2860 711 2940 ἐξέσται
737 2860 817 2930 ποτὲ
846 2863 1101 2954 ἀπαραποδίστρι
1124 2865 1179 2931 καλ
1192 2883 1221 2922 25

171 2965 285 3054 ἀλύπῳ
309 2967 479 3048 διἀγαχεῖν
502 2965 557 3032 καί
580 2965 749 3034 ἀνατεῖναι
771 2973 831 3036 τὸν
848 2970 1013 3054 τράχηλον
1035 2974 1117 3057 πρὸς
1138 2973 1178 3036 εδ

243 3155 416 3224 θάποτεόξη
444 3156 478 3212 S.-
505 3157 652 3224 ἀποτεύξει
671 3160 701 3220 δε
735 3163 745 3230 ΙΙ
786 3161 959 3231 ῖπεριπιιέετ
982 3162 1015 3218 S:
1042 3170 1178 3232 περιπεσῇ

175 3229 264 3294 Wolf;
282 3228 449 3296 περιπτώσει
468 3227 500 3287 δι
538 3232 548 3296 ΙΙ
584 3234 669 3299 διηη.
695 3231 783 3286 locum
806 3233 965 3288 lacunosum
986 3249 1040 3288 esse
1063 3235 1179 3303 adparet

170 3299 228 3352 coll.
247 3297 508 3364 Ench.2‚1;haec
525 3300 580 3365 fere
598 3303 791 3370 κιηκίκιαιῖακι
810 3301 872 3356 ἀλλ’
892 3304 986 3378 ὑγιείᾳ
1003 3303 1074 3376 (καλ
1091 3303 1176 3376 νόσῳ·

170 3366 346 3439 ἀτυχήσεις),
365 3367 557 3437 δυστυχήσας·
584 3371 593 3438 ΙΙ
621 3371 723 3425 θαίιτδι
741 3372 774 3428 S:
791 3390 860 3428 corr.
880 3374 964 3429 δόλιον.
991 3377 1001 3442 [Ι
1028 3379 1062 3428 14
1077 3372 1117 3428 ἔτι
1136 3373 1177 3429 λε’-

170 3457 227 3506 χεις
243 3437 337 3563 ῖλλῑρχίχ
355 3433 525 3505 έπιλέχειςδ
554 3441 563 3508 [1
594 3447 628 3495 20
647 3442 735 3510 μηδὲν
753 3459 779 3498 s:
798 3443 932 3512 μηθδνδ
961 3446 970 3512 ΙΙ
1002 3443 1177 3516 (θέλοντος)

169 3525 259 3578 ΜΡΡ·
304 3524 345 3576 Ρ·
