2636 3922
175 165 219 232 68
318 167 503 221 APPIANOT
521 168 595 220 ΤΩΝ
613 168 833 220 ΕΠΙΚΤΗΤΟΤ
851 166 1047 219 ΔΙΑΤΡΙΒΩΝ

176 328 367 412 δοκιμάζειν
385 329 443 405 τὰς
461 331 645 413 φαντασίας
666 325 722 393 καὶ
746 329 930 413 διακρίνειν
948 325 1003 394 καὶ
1026 329 1197 413 μηδεμίαν

142 449 159 498 8
179 433 402 518 ἀδοκίμαστον
420 431 680 521 προσφέρεσθαι.
716 435 814 519 ὁρᾶτε
833 431 886 498 ἐπὶ
904 442 966 499 τοῦ
979 437 1196 519 νομίσματος,

176 540 262 606 ὅπου
290 542 384 606 δοκεῖ
408 564 439 606 τι
467 535 553 606 εἶναι
580 542 663 626 πρὸς
689 540 790 624 ἡμᾶς,
817 550 886 616 πῶς
913 538 969 606 καὶ
995 539 1114 625 τέχνην
1142 539 1196 618 ἐξ·

176 649 363 731 ευρῆκαμευ
380 645 435 712 καὶ
454 646 545 724 ὅσοις
563 646 581 713 ὁ
601 645 875 732 ἀργυρογνώμυν
891 655 1097 733 προσχρῆται
1110 648 1196 729 πρὸς

177 753 373 836 δοκιμασίαν
387 761 447 818 τοῦ
466 755 679 837 νομίσματος,
699 761 737 838 τῆ
754 753 841 836 ὄψει,
859 760 898 837 τῆ
913 749 993 838 άφῆ,
1012 761 1051 837 τῆ
1066 751 1194 838 ὀσφρα-
1226 773 1243 814 ε

141 864 244 946 9σίᾳ,
274 861 312 925 τά
342 864 512 925 τελευταῖα
539 867 578 944 τῆ
611 858 706 943 ἀκοῆ·
746 857 846 945 ῥῆξας
881 861 918 924 τὸ
952 858 1115 944 δηνάριον
1145 868 1193 946 τῷ

178 969 276 1055 ψίφφ
305 963 458 1051 προσέχει
489 962 544 1029 καὶ
577 965 638 1050 οὐχ
671 964 755 1043 άπαξ
769 981 775 988 ·
788 963 935 1050 ἀρκεῖται
967 967 1194 1050 ἀοφῆσαντος,

177 1069 249 1137 ἀλλ’
275 1072 340 1137 ὑπὸ
364 1081 422 1156 τῆς
444 1075 568 1154 πολλῆς
589 1080 755 1157 προσοχῆς
777 1073 936 1155 μουσικὸς
959 1073 1094 1153 γίνεται.
1136 1070 1194 1136 οὕ-

125 1193 159 1241 10
177 1200 242 1253 τως
273 1176 358 1242 ὅπου
391 1173 563 1262 διαφέρειν
595 1179 737 1262 οἰόμεθα
767 1178 806 1243 τὸ
838 1182 1030 1243 πλανᾶσθαι
1057 1185 1118 1242 τοῦ
1147 1177 1194 1261 μῆ

176 1287 384 1366 πλανᾶσθαι,
412 1281 559 1349 ἐνταῦθα
581 1285 709 1368 πολλὴν
731 1285 901 1370 προσοχὴν
924 1280 1122 1368 εἰσφέρομεν
1144 1285 1194 1360 είς
1209 1303 1240 1344 10

126 1404 158 1452 11
179 1387 345 1474 διάκρισιν
372 1399 438 1454 τῶν
467 1390 653 1455 διαπλανᾶν
681 1387 895 1474 δυναμένων,
930 1387 983 1455 ἐπὶ
1017 1384 1053 1453 δέ
1081 1394 1194 1454 ταλαι-

177 1494 293 1578 πώρου
315 1493 515 1577 ἡγεμονικοῦ
538 1494 716 1579 χάσκοντες
743 1493 799 1559 καλ
821 1495 1061 1579 καθεύδοντες,
1083 1503 1195 1560 πᾶσαν

178 1602 365 1684 φαντασίαν
387 1601 743 1686 παραπροσδεχόμεθα·
771 1600 792 1680 ῆ
820 1601 883 1680 γάρ
908 1603 1004 1680 ζημία
1028 1599 1069 1665 οὐ
1092 1619 1196 1681 προσ-

177 1709 297 1770 πίπτει.

126 1828 159 1876 12
234 1809 336 1879 Ὅταν
365 1807 428 1878 οὖν
455 1809 558 1896 θέλης
585 1818 726 1892 γνῶναι,
752 1818 821 1884 πῶς
850 1809 934 1891 ἔχεις
956 1806 1032 1893 περὶ
1054 1805 1116 1892 μὲν
1139 1809 1195 1874 τά-
1210 1828 1240 1868 τε

178 1918 269 2000 γαθά
296 1914 351 1982 καὶ
373 1918 457 1982 κακὰ
480 1913 677 1999 ἀνειμένως,
704 1911 779 1995 περὶ
803 1912 1002 1999 τάδιάφορα
1017 1911 1047 1978 δ’
1078 1912 1196 1980 ἐσπευ-

180 2021 320 2107 σμένως,
351 2021 528 2106 ἐπίστησον
553 2031 623 2097 πῶς
645 2023 730 2105 ἔχεις
760 2022 843 2105 πρὸς
873 2021 910 2084 τὸ
939 2018 1197 2105 ἐκτυφλυθῆναι

179 2125 234 2194 καὶ
257 2138 326 2205 πῶς
347 2130 430 2213 πρὸς
452 2129 489 2194 τὸ
513 2126 758 2210 ἐξαπατηθῆναι
780 2123 836 2191 καλ
859 2126 972 2212 γνώση
995 2125 1046 2191 ὅτι
1065 2127 1197 2210 μακρὰν

181 2227 212 2299 εί
241 2243 301 2300 τοῦ
332 2235 377 2310 ὡς
408 2235 461 2299 δεῖ
485 2231 690 2299 πεπονθέναι
722 2229 798 2317 περὶ
826 2231 966 2313 ἀγαθῶν
993 2230 1048 2296 καὶ
1075 2242 1196 2299 κακῶν.
1303 2237 1304 2254 δ

129 2358 161 2408 13
182 2340 281 2406 “ἀλλά
303 2345 429 2424 πολλῆς
451 2342 517 2426 ἔχει
540 2342 653 2425 χρείαν
676 2346 885 2423 παρασκευῆς
907 2334 1092 2404 καὶπόνου
1115 2343 1197 2404 πολ·
1212 2357 1241 2398 ιο

180 2453 242 2514 λοῦ
269 2444 324 2512 καλ
347 2446 575 2532 μαθημάτων.’
620 2447 656 2510 τί
676 2438 752 2522 οὖν;
784 2442 925 2526 ἐλπίζεις
947 2442 999 2507 ὅτι
1022 2445 1083 2527 την
1105 2447 1198 2527 μεγί-

129 2572 162 2619 14
181 2569 262 2638 στην
306 2550 424 2636 τέχνην
462 2550 527 2617 ἀπὸ
565 2552 688 2634 ὀλίγων
729 2548 819 2615 ἐστὶν
856 2549 1051 2633 ἀναλαβεῖν;
1088 2553 1199 2615 καίτοι

181 2659 279 2735 αὐτὸς
301 2654 364 2742 μὲν
386 2658 405 2724 δ
427 2658 676 2743 προηγούμενος
699 2659 796 2740 λόγος
815 2665 883 2722 τῶν
904 2657 1101 2740 φιλοσόφων
1119 2658 1198 2720 λίαν

181 2762 272 2829 ἐστὶν
290 2763 411 2846 ὀλίγος.
447 2766 479 2828 εί
499 2762 611 2840 θέλεις
628 2774 766 2846 γνῶναι,
785 2761 961 2844 ἀνάγνωθι
979 2761 1019 2826 τά
1039 2763 1200 2844 Ζήνωνος

130 2886 162 2936 15
181 2868 237 2934 καλ
250 2870 335 2946 ὄφει.
371 2874 407 2933 τί
422 2871 484 2953 γάρ
504 2872 570 2955 ἔχει
588 2872 717 2955 μακρὸν
734 2871 840 2934 εἰπεῖν
859 2868 910 2933 ὅτι
929 2866 1039 2945 τέλος
1057 2865 1140 2932 ἐστὶ
1153 2870 1198 2934 τὸ
1214 2885 1241 2926 2⁶
1299 2859 1300 2864 ἵ

182 2975 348 3041 ἕπεσθαι
369 2981 496 3059 θεοῖς,
519 2976 633 3041 οὐσία
656 2972 686 3040 δ’
709 2975 865 3058 ἀγαθοῦ
887 2983 1026 3059 χρῆσις
1048 2975 1112 3040 οἵα
1135 2974 1201 3038 δεῖ

131 3099 163 3148 16
182 3090 422 3167 φαντασιῶυ;
446 3078 521 3163 λέγε
543 3080 590 3146 ‘u‘
609 3075 672 3146 οὖν
695 3080 765 3146 ἐστι
786 3082 867 3156 θεὸς
885 3077 941 3146 καὶ
963 3083 998 3144 τί
1017 3082 1198 3164 φαυτασία;

182 3223 396 3234 *—

254 3278 287 3325 25
299 3289 340 3338 sq.
360 3270 394 3325 cf.
415 3271 493 3326 stob.
513 3268 612 3339 εο1.Ι[,
628 3278 652 3341 7,
668 3272 713 3326 af.

183 3399 395 3408 ...ᾳ-...μ-

256 3442 388 3519 θρήξας]
408 3443 494 3517 ᾇίηιας
512 3449 554 3508 τά,
572 3448 639 3502 Bas.
671 3450 681 3514 ῆ
714 3454 747 3503 16
766 3445 912 3517 ἀνημένως
926 3446 959 3502 S:
977 3463 1046 3502 σνκκ.
1061 3447 1090 3506 80
1121 3449 1131 3514 ΙΙ
1162 3448 1199 3502 τὰ

185 3516 311 3586 διάφορα
325 3517 359 3574 S:
377 3516 413 3571 τά
431 3515 557 3587 διάφορα
576 3518 607 3576 80
