<?xml version="1.0" encoding="UTF-8"?>
<!DOCTYPE html PUBLIC "-//W3C//DTD XHTML 1.0 Transitional//EN"
    "http://www.w3.org/TR/xhtml1/DTD/xhtml1-transitional.dtd">
<html xmlns="http://www.w3.org/1999/xhtml" xml:lang="en" lang="en">
 <head>
  <title>
</title>
<meta http-equiv="Content-Type" content="text/html;charset=utf-8" />
  <meta name='ocr-system' content='tesseract 3.04.00' />
  <meta name='ocr-capabilities' content='ocr_page ocr_carea ocr_par ocr_line ocrx_word'/>
</head>
<body>
  <div class='ocr_page' id='page_1' title='image "./dissertationesa00epicgoog/dissertationesa00epicgoog_0271.png"; bbox 0 0 2650 3930; ppageno 0'>
   <div class='ocr_carea' id='block_1_1' title="bbox 160 201 1022 267">
    <p class='ocr_par' dir='ltr' id='par_1_1' title="bbox 160 201 1022 267">
     <span class='ocr_line' id='line_1_1' title="bbox 160 201 1022 267; baseline -0.005 -8"><span class='ocrx_word' id='word_1_1' title='bbox 160 203 222 267; x_wconf 88' lang='lat'><strong><em>188</em></strong></span> <span class='ocrx_word' id='word_1_2' title='bbox 300 204 483 256; x_wconf 78' lang='lat' dir='ltr'>APPIANOT</span> <span class='ocrx_word' id='word_1_3' title='bbox 500 203 576 255; x_wconf 80' lang='grc' dir='ltr'><strong><em>ΤΩΝ</em></strong></span> <span class='ocrx_word' id='word_1_4' title='bbox 592 202 811 254; x_wconf 82' lang='grc' dir='ltr'>ΕΠΙΚΤΗΤΟΤ</span> <span class='ocrx_word' id='word_1_5' title='bbox 827 201 1022 255; x_wconf 79' lang='grc' dir='ltr'><strong>ΔΙΑΤΡΙΒΩΝ</strong></span> 
     </span>
    </p>
   </div>
   <div class='ocr_carea' id='block_1_2' title="bbox 101 358 1219 1723">
    <p class='ocr_par' dir='ltr' id='par_1_2' title="bbox 101 358 1219 1723">
     <span class='ocr_line' id='line_1_2' title="bbox 156 358 1179 449; baseline -0.003 -19"><span class='ocrx_word' id='word_1_6' title='bbox 156 372 258 430; x_wconf 91' lang='grc' dir='ltr'><strong><em>ταῦτα</em></strong></span> <span class='ocrx_word' id='word_1_7' title='bbox 285 364 405 430; x_wconf 87' lang='grc' dir='ltr'><strong><em>πάντα·</em></strong></span> <span class='ocrx_word' id='word_1_8' title='bbox 429 363 472 429; x_wconf 84' lang='grc' dir='ltr'><strong><em>ἀν</em></strong></span> <span class='ocrx_word' id='word_1_9' title='bbox 495 361 527 427; x_wconf 93' lang='grc' dir='ltr'><strong><em>δ’</em></strong></span> <span class='ocrx_word' id='word_1_10' title='bbox 554 361 699 449; x_wconf 83' lang='grc' dir='ltr'><em>ἀλλαχοῦ</em></span> <span class='ocrx_word' id='word_1_11' title='bbox 720 358 782 447; x_wconf 67' lang='grc' dir='ltr'><strong><em>μὲν</em></strong></span> <span class='ocrx_word' id='word_1_12' title='bbox 804 363 841 428; x_wconf 86' lang='grc' dir='ltr'><strong><em>τὸ</em></strong></span> <span class='ocrx_word' id='word_1_13' title='bbox 865 361 1049 448; x_wconf 77' lang='grc' dir='ltr'><strong><em>συμφέρον,</em></strong></span> <span class='ocrx_word' id='word_1_14' title='bbox 1072 361 1179 427; x_wconf 88' lang='grc' dir='ltr'><strong><em>ἀλλα-</em></strong></span> 
     </span>
     <span class='ocr_line' id='line_1_3' title="bbox 156 465 1177 556; baseline -0.002 -20"><span class='ocrx_word' id='word_1_15' title='bbox 156 479 220 556; x_wconf 76' lang='grc' dir='ltr'><strong><em>χοῦ</em></strong></span> <span class='ocrx_word' id='word_1_16' title='bbox 248 466 285 534; x_wconf 74' lang='grc' dir='ltr'><strong><em>δὲ</em></strong></span> <span class='ocrx_word' id='word_1_17' title='bbox 314 472 392 546; x_wconf 85' lang='grc' dir='ltr'><strong><em>τοὺς</em></strong></span> <span class='ocrx_word' id='word_1_18' title='bbox 418 473 538 555; x_wconf 85' lang='grc' dir='ltr'><strong><em>φίλους</em></strong></span> <span class='ocrx_word' id='word_1_19' title='bbox 564 467 620 534; x_wconf 82' lang='grc' dir='ltr'><strong><em>καὶ</em></strong></span> <span class='ocrx_word' id='word_1_20' title='bbox 647 470 708 552; x_wconf 77' lang='grc' dir='ltr'><strong><em>τὴν</em></strong></span> <span class='ocrx_word' id='word_1_21' title='bbox 737 469 879 554; x_wconf 88' lang='grc' dir='ltr'><strong><em>πατρίδα</em></strong></span> <span class='ocrx_word' id='word_1_22' title='bbox 905 465 961 533; x_wconf 79' lang='grc' dir='ltr'><strong><em>καί</em></strong></span> <span class='ocrx_word' id='word_1_23' title='bbox 990 470 1070 546; x_wconf 84' lang='grc' dir='ltr'><strong><em>τοὺς</em></strong></span> <span class='ocrx_word' id='word_1_24' title='bbox 1091 486 1177 552; x_wconf 74' lang='grc' dir='ltr'><strong><em>συγ-</em></strong></span> 
     </span>
     <span class='ocr_line' id='line_1_4' title="bbox 156 573 1176 659; baseline 0 -19"><span class='ocrx_word' id='word_1_25' title='bbox 156 587 263 659; x_wconf 74' lang='grc' dir='ltr'><strong><em>μενεῖς</em></strong></span> <span class='ocrx_word' id='word_1_26' title='bbox 294 573 350 641; x_wconf 80' lang='grc' dir='ltr'><strong><em>καὶ</em></strong></span> <span class='ocrx_word' id='word_1_27' title='bbox 386 573 468 642; x_wconf 81' lang='grc' dir='ltr'><strong><em>αὐτὸ</em></strong></span> <span class='ocrx_word' id='word_1_28' title='bbox 504 578 543 641; x_wconf 88' lang='grc' dir='ltr'><strong><em>τὸ</em></strong></span> <span class='ocrx_word' id='word_1_29' title='bbox 580 577 728 658; x_wconf 80' lang='grc' dir='ltr'><strong><em>δίκαιον,</em></strong></span> <span class='ocrx_word' id='word_1_30' title='bbox 766 581 890 659; x_wconf 78' lang='grc' dir='ltr'><strong><em>οἴχεται</em></strong></span> <span class='ocrx_word' id='word_1_31' title='bbox 924 574 1032 640; x_wconf 84' lang='grc' dir='ltr'><strong><em>πάντα</em></strong></span> <span class='ocrx_word' id='word_1_32' title='bbox 1069 585 1176 640; x_wconf 84' lang='grc' dir='ltr'><strong><em>ταῦτα</em></strong></span> 
     </span>
     <span class='ocr_line' id='line_1_5' title="bbox 105 680 1174 769; baseline 0.002 -23"><span class='ocrx_word' id='word_1_33' title='bbox 105 698 137 747; x_wconf 86' lang='grc'><strong><em>19</em></strong></span> <span class='ocrx_word' id='word_1_34' title='bbox 157 684 431 769; x_wconf 81' lang='grc' dir='ltr'><strong><em>καταβαρούμενα</em></strong></span> <span class='ocrx_word' id='word_1_35' title='bbox 449 681 513 747; x_wconf 85' lang='grc' dir='ltr'><strong><em>ὑπὸ</em></strong></span> <span class='ocrx_word' id='word_1_36' title='bbox 533 691 592 748; x_wconf 87' lang='grc' dir='ltr'><strong><em>τοῦ</em></strong></span> <span class='ocrx_word' id='word_1_37' title='bbox 611 680 848 768; x_wconf 89' lang='grc' dir='ltr'><strong><em>συμφέροντος.</em></strong></span> <span class='ocrx_word' id='word_1_38' title='bbox 886 681 971 747; x_wconf 82' lang='grc' dir='ltr'><strong><em>ὅπου</em></strong></span> <span class='ocrx_word' id='word_1_39' title='bbox 989 682 1053 765; x_wconf 78' lang='grc' dir='ltr'><strong><em>γὰρ</em></strong></span> <span class='ocrx_word' id='word_1_40' title='bbox 1070 681 1115 747; x_wconf 89' lang='grc' dir='ltr'><strong><em>ἀν</em></strong></span> <span class='ocrx_word' id='word_1_41' title='bbox 1131 683 1174 748; x_wconf 85' lang='grc' dir='ltr'><strong><em>τὸ</em></strong></span> 
     </span>
     <span class='ocr_line' id='line_1_6' title="bbox 153 786 1219 876; baseline 0.004 -23"><span class='ocrx_word' id='word_1_42' title='bbox 153 786 218 872; x_wconf 75' lang='grc' dir='ltr'><strong><em>ἐγὼ</em></strong></span> <span class='ocrx_word' id='word_1_43' title='bbox 250 787 365 856; x_wconf 82' lang='grc' dir='ltr'><strong><em>καὶτὸ</em></strong></span> <span class='ocrx_word' id='word_1_44' title='bbox 389 788 486 874; x_wconf 80' lang='grc' dir='ltr'><strong><em>ἐμόν,</em></strong></span> <span class='ocrx_word' id='word_1_45' title='bbox 514 787 584 854; x_wconf 74' lang='grc' dir='ltr'><strong><em>ἐκεῖ</em></strong></span> <span class='ocrx_word' id='word_1_46' title='bbox 605 787 731 872; x_wconf 74' lang='grc' dir='ltr'><strong><em>ἀνάγκη</em></strong></span> <span class='ocrx_word' id='word_1_47' title='bbox 755 786 868 874; x_wconf 77' lang='grc' dir='ltr'><strong><em>ῥέπειν</em></strong></span> <span class='ocrx_word' id='word_1_48' title='bbox 890 789 929 854; x_wconf 81' lang='grc' dir='ltr'><strong><em>τὸ</em></strong></span> <span class='ocrx_word' id='word_1_49' title='bbox 953 790 1049 876; x_wconf 75' lang='grc' dir='ltr'><strong><em>ζῷον·</em></strong></span> <span class='ocrx_word' id='word_1_50' title='bbox 1080 790 1111 853; x_wconf 84' lang='grc' dir='ltr'><strong><em>εί</em></strong></span> <span class='ocrx_word' id='word_1_51' title='bbox 1132 787 1173 853; x_wconf 87' lang='grc' dir='ltr'><strong><em>έν</em></strong></span> <span class='ocrx_word' id='word_1_52' title='bbox 1201 817 1219 857; x_wconf 87' lang='lat'><strong>5</strong></span> 
     </span>
     <span class='ocr_line' id='line_1_7' title="bbox 156 889 1176 982; baseline -0.003 -21"><span class='ocrx_word' id='word_1_53' title='bbox 156 900 268 981; x_wconf 83' lang='grc' dir='ltr'><strong><em>σαρκί,</em></strong></span> <span class='ocrx_word' id='word_1_54' title='bbox 297 895 366 961; x_wconf 73' lang='grc' dir='ltr'><strong><em>ἐκεῖ</em></strong></span> <span class='ocrx_word' id='word_1_55' title='bbox 390 899 427 962; x_wconf 86' lang='grc' dir='ltr'><strong><em>τὸ</em></strong></span> <span class='ocrx_word' id='word_1_56' title='bbox 451 901 609 982; x_wconf 85' lang='grc' dir='ltr'><strong><em>κυριεῦον</em></strong></span> <span class='ocrx_word' id='word_1_57' title='bbox 636 889 736 960; x_wconf 82' lang='grc' dir='ltr'><strong><em>εἶναι·</em></strong></span> <span class='ocrx_word' id='word_1_58' title='bbox 766 897 799 960; x_wconf 85' lang='grc' dir='ltr'><strong><em>εί</em></strong></span> <span class='ocrx_word' id='word_1_59' title='bbox 821 893 857 960; x_wconf 80' lang='grc' dir='ltr'><strong><em>έν</em></strong></span> <span class='ocrx_word' id='word_1_60' title='bbox 879 892 1080 980; x_wconf 78' lang='grc' dir='ltr'><em>προαιρέσει,</em></span> <span class='ocrx_word' id='word_1_61' title='bbox 1103 893 1176 958; x_wconf 77' lang='grc' dir='ltr'><strong><em>ἐκεῖ</em></strong></span> 
     </span>
     <span class='ocr_line' id='line_1_8' title="bbox 103 997 1173 1084; baseline 0 -19"><span class='ocrx_word' id='word_1_62' title='bbox 103 1016 137 1065; x_wconf 80' lang='lat'><strong><em>20</em></strong></span> <span class='ocrx_word' id='word_1_63' title='bbox 155 997 254 1066; x_wconf 78' lang='grc' dir='ltr'><strong><em>εἶναι·</em></strong></span> <span class='ocrx_word' id='word_1_64' title='bbox 278 1003 310 1067; x_wconf 87' lang='grc' dir='ltr'><strong><em>εί</em></strong></span> <span class='ocrx_word' id='word_1_65' title='bbox 332 1001 369 1068; x_wconf 82' lang='grc' dir='ltr'><strong><em>ἐν</em></strong></span> <span class='ocrx_word' id='word_1_66' title='bbox 391 1012 461 1078; x_wconf 78' lang='grc' dir='ltr'><strong><em>τοῖς</em></strong></span> <span class='ocrx_word' id='word_1_67' title='bbox 483 1000 587 1082; x_wconf 89' lang='grc' dir='ltr'><strong><em>ε’κτός,</em></strong></span> <span class='ocrx_word' id='word_1_68' title='bbox 611 999 686 1066; x_wconf 78' lang='grc' dir='ltr'><strong><em>ἐκεῖ.</em></strong></span> <span class='ocrx_word' id='word_1_69' title='bbox 732 1001 763 1065; x_wconf 86' lang='grc' dir='ltr'><strong><em>εί</em></strong></span> <span class='ocrx_word' id='word_1_70' title='bbox 778 1002 896 1066; x_wconf 78' lang='grc' dir='ltr'><strong><em>τοίνυν</em></strong></span> <span class='ocrx_word' id='word_1_71' title='bbox 915 998 985 1065; x_wconf 76' lang='grc' dir='ltr'><strong><em>έιιεί</em></strong></span> <span class='ocrx_word' id='word_1_72' title='bbox 1001 1000 1069 1083; x_wconf 80' lang='grc' dir='ltr'><strong><em>είμι</em></strong></span> <span class='ocrx_word' id='word_1_73' title='bbox 1092 999 1173 1084; x_wconf 77' lang='grc' dir='ltr'><strong><em>ἐγώ,</em></strong></span> 
     </span>
     <span class='ocr_line' id='line_1_9' title="bbox 155 1096 1173 1193; baseline -0.002 -21"><span class='ocrx_word' id='word_1_74' title='bbox 155 1107 240 1173; x_wconf 82' lang='grc' dir='ltr'><strong><em>ὅπου</em></strong></span> <span class='ocrx_word' id='word_1_75' title='bbox 262 1107 283 1190; x_wconf 81' lang='grc' dir='ltr'><em>ἡ</em></span> <span class='ocrx_word' id='word_1_76' title='bbox 306 1110 509 1193; x_wconf 81' lang='grc' dir='ltr'><strong><em>προαίρεσις,</em></strong></span> <span class='ocrx_word' id='word_1_77' title='bbox 523 1106 618 1172; x_wconf 76' lang='grc' dir='ltr'><strong><em>ὀὕτω</em></strong></span> <span class='ocrx_word' id='word_1_78' title='bbox 638 1108 748 1190; x_wconf 80' lang='grc' dir='ltr'><strong><em>μόνως</em></strong></span> <span class='ocrx_word' id='word_1_79' title='bbox 766 1104 821 1171; x_wconf 82' lang='grc' dir='ltr'><strong><em>καὶ</em></strong></span> <span class='ocrx_word' id='word_1_80' title='bbox 843 1109 942 1191; x_wconf 88' lang='grc' dir='ltr'><strong><em>φίλος</em></strong></span> <span class='ocrx_word' id='word_1_81' title='bbox 959 1107 1076 1191; x_wconf 78' lang='grc' dir='ltr'><strong><em>ἔσομαι</em></strong></span> <span class='ocrx_word' id='word_1_82' title='bbox 1099 1096 1173 1183; x_wconf 83' lang='grc' dir='ltr'><strong><em>οἷος</em></strong></span> 
     </span>
     <span class='ocr_line' id='line_1_10' title="bbox 155 1210 1172 1298; baseline 0 -21"><span class='ocrx_word' id='word_1_83' title='bbox 155 1213 210 1277; x_wconf 81' lang='grc' dir='ltr'><strong><em>δεῖ</em></strong></span> <span class='ocrx_word' id='word_1_84' title='bbox 234 1211 291 1277; x_wconf 81' lang='grc' dir='ltr'><strong><em>καὶ</em></strong></span> <span class='ocrx_word' id='word_1_85' title='bbox 311 1214 386 1289; x_wconf 86' lang='grc' dir='ltr'><strong><em>υίὸς</em></strong></span> <span class='ocrx_word' id='word_1_86' title='bbox 407 1210 463 1278; x_wconf 81' lang='grc' dir='ltr'><strong><em>καὶ</em></strong></span> <span class='ocrx_word' id='word_1_87' title='bbox 485 1213 601 1298; x_wconf 76' lang='grc' dir='ltr'><strong><em>πατήρ.</em></strong></span> <span class='ocrx_word' id='word_1_88' title='bbox 646 1222 745 1278; x_wconf 88' lang='grc' dir='ltr'><strong><em>τοῦτο</em></strong></span> <span class='ocrx_word' id='word_1_89' title='bbox 774 1211 838 1297; x_wconf 78' lang='grc' dir='ltr'><strong><em>γάρ</em></strong></span> <span class='ocrx_word' id='word_1_90' title='bbox 861 1236 919 1296; x_wconf 88' lang='grc' dir='ltr'><strong><em>μοι</em></strong></span> <span class='ocrx_word' id='word_1_91' title='bbox 942 1214 1091 1278; x_wconf 80' lang='grc' dir='ltr'><strong><em>συνοίσει</em></strong></span> <span class='ocrx_word' id='word_1_92' title='bbox 1113 1235 1172 1296; x_wconf 84' lang='grc' dir='ltr'><strong><em>τη-</em></strong></span> 
     </span>
     <span class='ocr_line' id='line_1_11' title="bbox 155 1317 1216 1402; baseline 0.005 -20"><span class='ocrx_word' id='word_1_93' title='bbox 155 1328 228 1400; x_wconf 79' lang='grc' dir='ltr'><strong><em>ρεῖν</em></strong></span> <span class='ocrx_word' id='word_1_94' title='bbox 249 1319 309 1382; x_wconf 86' lang='grc' dir='ltr'><strong><em>τὸν</em></strong></span> <span class='ocrx_word' id='word_1_95' title='bbox 337 1321 470 1400; x_wconf 84' lang='grc' dir='ltr'><strong><em>πιστόν,</em></strong></span> <span class='ocrx_word' id='word_1_96' title='bbox 501 1320 561 1385; x_wconf 86' lang='grc' dir='ltr'><strong><em>τὸν</em></strong></span> <span class='ocrx_word' id='word_1_97' title='bbox 590 1319 771 1402; x_wconf 79' lang='grc' dir='ltr'><strong><em>αἰδήμονα,</em></strong></span> <span class='ocrx_word' id='word_1_98' title='bbox 801 1319 862 1383; x_wconf 88' lang='grc' dir='ltr'><strong><em>τὸν</em></strong></span> <span class='ocrx_word' id='word_1_99' title='bbox 890 1317 1079 1401; x_wconf 80' lang='grc' dir='ltr'><strong><em>ἀνεπτιιιόν,</em></strong></span> <span class='ocrx_word' id='word_1_100' title='bbox 1108 1320 1172 1384; x_wconf 88' lang='grc' dir='ltr'><strong><em>τὸν</em></strong></span> <span class='ocrx_word' id='word_1_101' title='bbox 1187 1348 1216 1387; x_wconf 84' lang='grc' dir='ltr'><strong><em>ιο</em></strong></span> 
     </span>
     <span class='ocr_line' id='line_1_12' title="bbox 155 1421 1170 1511; baseline 0.003 -24"><span class='ocrx_word' id='word_1_102' title='bbox 155 1423 333 1508; x_wconf 84' lang='grc' dir='ltr'><strong><em>ἀφεατιιιὸν</em></strong></span> <span class='ocrx_word' id='word_1_103' title='bbox 360 1421 415 1490; x_wconf 81' lang='grc' dir='ltr'><strong><em>καὶ</em></strong></span> <span class='ocrx_word' id='word_1_104' title='bbox 443 1428 696 1510; x_wconf 82' lang='grc' dir='ltr'><strong><em>συνεργητιιιίν,</em></strong></span> <span class='ocrx_word' id='word_1_105' title='bbox 728 1424 913 1509; x_wconf 74' lang='grc' dir='ltr'><strong><em>φυλάσσειν</em></strong></span> <span class='ocrx_word' id='word_1_106' title='bbox 944 1425 1002 1502; x_wconf 78' lang='grc' dir='ltr'><strong><em>τὰς</em></strong></span> <span class='ocrx_word' id='word_1_107' title='bbox 1033 1422 1170 1511; x_wconf 82' lang='grc' dir='ltr'><strong><em>σχέσεις.</em></strong></span> 
     </span>
     <span class='ocr_line' id='line_1_13' title="bbox 101 1526 1171 1616; baseline 0.003 -22"><span class='ocrx_word' id='word_1_108' title='bbox 101 1547 134 1594; x_wconf 77' lang='lat'><strong><em>21</em></strong></span> <span class='ocrx_word' id='word_1_109' title='bbox 155 1529 198 1595; x_wconf 84' lang='grc' dir='ltr'><strong><em>ἀν</em></strong></span> <span class='ocrx_word' id='word_1_110' title='bbox 221 1526 251 1594; x_wconf 92' lang='grc' dir='ltr'><strong><em>δ’</em></strong></span> <span class='ocrx_word' id='word_1_111' title='bbox 273 1530 420 1616; x_wconf 82' lang='grc' dir='ltr'><em>ἀλλαχοῦ</em></span> <span class='ocrx_word' id='word_1_112' title='bbox 443 1527 505 1615; x_wconf 73' lang='grc' dir='ltr'><strong><em>μὲν</em></strong></span> <span class='ocrx_word' id='word_1_113' title='bbox 527 1529 670 1614; x_wconf 82' lang='grc' dir='ltr'><strong><em>ἐμαυτὸν</em></strong></span> <span class='ocrx_word' id='word_1_114' title='bbox 687 1537 752 1616; x_wconf 79' lang='grc' dir='ltr'><strong><em>δῶ,</em></strong></span> <span class='ocrx_word' id='word_1_115' title='bbox 774 1530 921 1615; x_wconf 82' lang='grc' dir='ltr'><em>ἀλλαχοῦ</em></span> <span class='ocrx_word' id='word_1_116' title='bbox 939 1527 977 1597; x_wconf 72' lang='grc' dir='ltr'><strong><em>δέ</em></strong></span> <span class='ocrx_word' id='word_1_117' title='bbox 995 1533 1032 1596; x_wconf 85' lang='grc' dir='ltr'><strong><em>τὸ</em></strong></span> <span class='ocrx_word' id='word_1_118' title='bbox 1053 1534 1171 1616; x_wconf 79' lang='grc' dir='ltr'><strong><em>καλόν,</em></strong></span> 
     </span>
     <span class='ocr_line' id='line_1_14' title="bbox 155 1634 1172 1723; baseline 0 -21"><span class='ocrx_word' id='word_1_119' title='bbox 155 1636 261 1714; x_wconf 77' lang='grc' dir='ltr'><strong><em>οὕτως</em></strong></span> <span class='ocrx_word' id='word_1_120' title='bbox 284 1639 419 1723; x_wconf 84' lang='grc' dir='ltr'><strong><em>ίσχυρδς</em></strong></span> <span class='ocrx_word' id='word_1_121' title='bbox 436 1640 563 1720; x_wconf 82' lang='grc' dir='ltr'><strong><em>γίνεται</em></strong></span> <span class='ocrx_word' id='word_1_122' title='bbox 585 1634 816 1722; x_wconf 82' lang='grc' dir='ltr'><strong><em>ὁἘπιιιούρου</em></strong></span> <span class='ocrx_word' id='word_1_123' title='bbox 840 1639 948 1720; x_wconf 79' lang='grc' dir='ltr'><strong><em>λόγος,</em></strong></span> <span class='ocrx_word' id='word_1_124' title='bbox 971 1637 1172 1722; x_wconf 79' lang='grc' dir='ltr'><strong><em>ἀποφαίνων</em></strong></span> 
     </span>
    </p>
   </div>
   <div class='ocr_carea' id='block_1_3' title="bbox 102 1740 1212 1935">
    <p class='ocr_par' dir='ltr' id='par_1_3' title="bbox 102 1740 1212 1935">
     <span class='ocr_line' id='line_1_15' title="bbox 153 1740 1124 1828; baseline -0.003 -17"><span class='ocrx_word' id='word_1_125' title='bbox 153 1742 174 1828; x_wconf 77' lang='grc' dir='ltr'>ἢ</span> <span class='ocrx_word' id='word_1_126' title='bbox 199 1741 322 1828; x_wconf 76' lang='grc' dir='ltr'><strong><em>μηδὲν</em></strong></span> <span class='ocrx_word' id='word_1_127' title='bbox 345 1740 514 1812; x_wconf 77' lang='grc' dir='ltr'><strong><em>εἶναιτὸ</em></strong></span> <span class='ocrx_word' id='word_1_128' title='bbox 537 1745 659 1810; x_wconf 80' lang='grc' dir='ltr'><strong><em>καλὸν</em></strong></span> <span class='ocrx_word' id='word_1_129' title='bbox 680 1742 701 1826; x_wconf 78' lang='grc' dir='ltr'><em>ἢ</em></span> <span class='ocrx_word' id='word_1_130' title='bbox 725 1745 761 1807; x_wconf 85' lang='grc' dir='ltr'><strong><em>εί</em></strong></span> <span class='ocrx_word' id='word_1_131' title='bbox 782 1743 855 1827; x_wconf 84' lang='grc' dir='ltr'><strong><em>ἀρα</em></strong></span> <span class='ocrx_word' id='word_1_132' title='bbox 883 1744 926 1809; x_wconf 85' lang='grc' dir='ltr'><strong><em>τὸ</em></strong></span> <span class='ocrx_word' id='word_1_133' title='bbox 949 1743 1124 1822; x_wconf 80' lang='grc' dir='ltr'><strong><em>ἔνδοξον.</em></strong></span> 
     </span>
     <span class='ocr_line' id='line_1_16' title="bbox 102 1845 1212 1935; baseline -0.002 -19"><span class='ocrx_word' id='word_1_134' title='bbox 102 1867 135 1916; x_wconf 78' lang='lat'><strong><em>22</em></strong></span> <span class='ocrx_word' id='word_1_135' title='bbox 221 1852 290 1916; x_wconf 85' lang='grc' dir='ltr'><strong><em>Διὰ</em></strong></span> <span class='ocrx_word' id='word_1_136' title='bbox 311 1852 436 1935; x_wconf 82' lang='grc' dir='ltr'><strong><em>ταύτην</em></strong></span> <span class='ocrx_word' id='word_1_137' title='bbox 462 1850 523 1933; x_wconf 82' lang='grc' dir='ltr'><strong><em>τὴν</em></strong></span> <span class='ocrx_word' id='word_1_138' title='bbox 546 1850 686 1932; x_wconf 84' lang='grc' dir='ltr'><strong><em>ἀγνοιαν</em></strong></span> <span class='ocrx_word' id='word_1_139' title='bbox 713 1845 769 1914; x_wconf 66' lang='lat' dir='ltr'><strong><em>aaz</em></strong></span> <span class='ocrx_word' id='word_1_140' title='bbox 788 1845 961 1933; x_wconf 73' lang='grc' dir='ltr'><strong><em>Ἀθηναῖοι</em></strong></span> <span class='ocrx_word' id='word_1_141' title='bbox 983 1847 1039 1914; x_wconf 78' lang='grc' dir='ltr'><strong><em>παλ</em></strong></span> <span class='ocrx_word' id='word_1_142' title='bbox 1061 1853 1169 1916; x_wconf 85' lang='grc' dir='ltr'><strong><em>Λαιιε-</em></strong></span> <span class='ocrx_word' id='word_1_143' title='bbox 1184 1879 1212 1920; x_wconf 76' lang='lat'><strong><em>15</em></strong></span> 
     </span>
    </p>
   </div>
   <div class='ocr_carea' id='block_1_4' title="bbox 155 1952 1323 2041">
    <p class='ocr_par' dir='ltr' id='par_1_4' title="bbox 155 1952 1323 2041">
     <span class='ocr_line' id='line_1_17' title="bbox 155 1952 1323 2041; baseline -0.001 -19"><span class='ocrx_word' id='word_1_144' title='bbox 155 1959 323 2040; x_wconf 78' lang='grc' dir='ltr'><strong><em>δαιμόνιοι</em></strong></span> <span class='ocrx_word' id='word_1_145' title='bbox 341 1953 536 2040; x_wconf 86' lang='grc' dir='ltr'><strong><em>διεφέροντο</em></strong></span> <span class='ocrx_word' id='word_1_146' title='bbox 554 1952 610 2019; x_wconf 82' lang='grc' dir='ltr'><strong><em>καὶ</em></strong></span> <span class='ocrx_word' id='word_1_147' title='bbox 628 1959 769 2040; x_wconf 72' lang='grc' dir='ltr'><strong><em>Θηβαῖοι</em></strong></span> <span class='ocrx_word' id='word_1_148' title='bbox 787 1957 869 2040; x_wconf 89' lang='grc' dir='ltr'><strong><em>πρὸς</em></strong></span> <span class='ocrx_word' id='word_1_149' title='bbox 887 1953 1094 2041; x_wconf 71' lang='grc' dir='ltr'><strong><em>ἀμφοτέρους</em></strong></span> <span class='ocrx_word' id='word_1_150' title='bbox 1111 1955 1169 2023; x_wconf 81' lang='grc' dir='ltr'><strong><em>καὶ</em></strong></span> <span class='ocrx_word' id='word_1_151' title='bbox 1253 2007 1257 2014; x_wconf 88' lang='grc'>.</span> <span class='ocrx_word' id='word_1_152' title='bbox 1321 1975 1323 2004; x_wconf 78' lang='lat'><strong>⁴</strong></span> 
     </span>
    </p>
   </div>
   <div class='ocr_carea' id='block_1_5' title="bbox 98 2059 1212 3210">
    <p class='ocr_par' dir='ltr' id='par_1_5' title="bbox 98 2059 1212 3210">
     <span class='ocr_line' id='line_1_18' title="bbox 154 2059 1170 2148; baseline 0.004 -23"><span class='ocrx_word' id='word_1_153' title='bbox 154 2061 254 2147; x_wconf 78' lang='grc' dir='ltr'><strong><em>μέγας</em></strong></span> <span class='ocrx_word' id='word_1_154' title='bbox 276 2063 432 2146; x_wconf 83' lang='grc' dir='ltr'><strong><em>βασιλεὺς</em></strong></span> <span class='ocrx_word' id='word_1_155' title='bbox 453 2062 537 2147; x_wconf 84' lang='grc' dir='ltr'><strong><em>πρὸς</em></strong></span> <span class='ocrx_word' id='word_1_156' title='bbox 559 2061 620 2144; x_wconf 80' lang='grc' dir='ltr'><strong><em>τὴν</em></strong></span> <span class='ocrx_word' id='word_1_157' title='bbox 637 2059 781 2128; x_wconf 87' lang='grc' dir='ltr'><strong><em>Ἑλλάδα</em></strong></span> <span class='ocrx_word' id='word_1_158' title='bbox 799 2059 855 2126; x_wconf 82' lang='grc' dir='ltr'><strong><em>καὶ</em></strong></span> <span class='ocrx_word' id='word_1_159' title='bbox 872 2064 1068 2140; x_wconf 84' lang='grc' dir='ltr'><strong><em>Μακεδόνες</em></strong></span> <span class='ocrx_word' id='word_1_160' title='bbox 1085 2065 1170 2148; x_wconf 79' lang='grc' dir='ltr'><strong><em>πρὸς</em></strong></span> 
     </span>
     <span class='ocr_line' id='line_1_19' title="bbox 154 2164 1169 2256; baseline 0.003 -23"><span class='ocrx_word' id='word_1_161' title='bbox 154 2167 362 2255; x_wconf 76' lang='grc' dir='ltr'><strong><em>ἀμφοτέρους</em></strong></span> <span class='ocrx_word' id='word_1_162' title='bbox 384 2167 440 2234; x_wconf 80' lang='grc' dir='ltr'><strong><em>καὶ</em></strong></span> <span class='ocrx_word' id='word_1_163' title='bbox 463 2177 527 2234; x_wconf 91' lang='grc' dir='ltr'><strong><em>νῦν</em></strong></span> <span class='ocrx_word' id='word_1_164' title='bbox 545 2164 699 2252; x_wconf 79' lang='grc' dir='ltr'><strong><em>Ῥωμαῖοι</em></strong></span> <span class='ocrx_word' id='word_1_165' title='bbox 717 2168 800 2254; x_wconf 88' lang='grc' dir='ltr'><strong><em>πρὸς</em></strong></span> <span class='ocrx_word' id='word_1_166' title='bbox 818 2166 920 2245; x_wconf 88' lang='grc' dir='ltr'><strong><em>Γέτας</em></strong></span> <span class='ocrx_word' id='word_1_167' title='bbox 942 2165 998 2234; x_wconf 84' lang='grc' dir='ltr'><strong><em>καὶ</em></strong></span> <span class='ocrx_word' id='word_1_168' title='bbox 1020 2171 1068 2235; x_wconf 79' lang='grc' dir='ltr'><strong><em>ἔτι</em></strong></span> <span class='ocrx_word' id='word_1_169' title='bbox 1086 2173 1169 2256; x_wconf 86' lang='grc' dir='ltr'><strong><em>πρά-</em></strong></span> 
     </span>
     <span class='ocr_line' id='line_1_20' title="bbox 101 2269 1168 2364; baseline 0.001 -24"><span class='ocrx_word' id='word_1_170' title='bbox 101 2290 134 2340; x_wconf 80' lang='lat'><strong><em>23</em></strong></span> <span class='ocrx_word' id='word_1_171' title='bbox 153 2297 251 2359; x_wconf 84' lang='grc' dir='ltr'><strong><em>τερον</em></strong></span> <span class='ocrx_word' id='word_1_172' title='bbox 278 2275 318 2340; x_wconf 83' lang='grc' dir='ltr'><strong><em>τά</em></strong></span> <span class='ocrx_word' id='word_1_173' title='bbox 347 2274 384 2341; x_wconf 83' lang='grc' dir='ltr'><strong><em>έν</em></strong></span> <span class='ocrx_word' id='word_1_174' title='bbox 403 2269 489 2364; x_wconf 88' lang='grc' dir='ltr'><strong><em>Ἰλίφ</em></strong></span> <span class='ocrx_word' id='word_1_175' title='bbox 516 2275 573 2339; x_wconf 84' lang='grc' dir='ltr'><strong><em>διά</em></strong></span> <span class='ocrx_word' id='word_1_176' title='bbox 599 2283 702 2339; x_wconf 87' lang='grc' dir='ltr'><strong><em>ταῦτα</em></strong></span> <span class='ocrx_word' id='word_1_177' title='bbox 732 2273 869 2357; x_wconf 80' lang='grc' dir='ltr'><strong><em>ἐγένετο.</em></strong></span> <span class='ocrx_word' id='word_1_178' title='bbox 915 2272 1168 2361; x_wconf 86' lang='grc' dir='ltr'><strong><em>δἈλέξανδρος</em></strong></span> 
     </span>
     <span class='ocr_line' id='line_1_21' title="bbox 153 2375 1212 2466; baseline 0.002 -19"><span class='ocrx_word' id='word_1_179' title='bbox 153 2390 215 2448; x_wconf 90' lang='grc' dir='ltr'><strong><em>τοῦ</em></strong></span> <span class='ocrx_word' id='word_1_180' title='bbox 237 2381 415 2448; x_wconf 80' lang='grc' dir='ltr'><strong><em>Μενελάου</em></strong></span> <span class='ocrx_word' id='word_1_181' title='bbox 439 2379 532 2459; x_wconf 84' lang='grc' dir='ltr'><strong><em>ξένος</em></strong></span> <span class='ocrx_word' id='word_1_182' title='bbox 549 2375 604 2466; x_wconf 77' lang='grc' dir='ltr'><strong><em>ἦν,</em></strong></span> <span class='ocrx_word' id='word_1_183' title='bbox 626 2377 682 2446; x_wconf 85' lang='grc' dir='ltr'><strong><em>παὶ</em></strong></span> <span class='ocrx_word' id='word_1_184' title='bbox 705 2385 740 2444; x_wconf 84' lang='grc' dir='ltr'><strong><em>εί</em></strong></span> <span class='ocrx_word' id='word_1_185' title='bbox 753 2402 803 2457; x_wconf 88' lang='grc' dir='ltr'><strong><em>τις</em></strong></span> <span class='ocrx_word' id='word_1_186' title='bbox 820 2380 941 2459; x_wconf 86' lang='grc' dir='ltr'><strong><em>αὐτοὺς</em></strong></span> <span class='ocrx_word' id='word_1_187' title='bbox 959 2377 1049 2447; x_wconf 77' lang='grc' dir='ltr'><strong><em>εἶδεν</em></strong></span> <span class='ocrx_word' id='word_1_188' title='bbox 1071 2386 1167 2466; x_wconf 91' lang='grc' dir='ltr'><strong><em>φιλο-</em></strong></span> <span class='ocrx_word' id='word_1_189' title='bbox 1182 2407 1212 2448; x_wconf 74' lang='grc' dir='ltr'><strong><em>ιο</em></strong></span> 
     </span>
     <span class='ocr_line' id='line_1_22' title="bbox 153 2485 1168 2575; baseline -0.002 -19"><span class='ocrx_word' id='word_1_190' title='bbox 153 2486 407 2575; x_wconf 85' lang='grc' dir='ltr'><strong><em>φρονουμένους</em></strong></span> <span class='ocrx_word' id='word_1_191' title='bbox 428 2487 606 2571; x_wconf 81' lang='grc' dir='ltr'><em>ἀλλήλους,</em></span> <span class='ocrx_word' id='word_1_192' title='bbox 627 2487 808 2570; x_wconf 75' lang='grc' dir='ltr'><strong><em>ἠπίστησεν</em></strong></span> <span class='ocrx_word' id='word_1_193' title='bbox 826 2485 869 2552; x_wconf 83' lang='grc' dir='ltr'><strong><em>ἀν</em></strong></span> <span class='ocrx_word' id='word_1_194' title='bbox 886 2497 932 2575; x_wconf 71' lang='grc' dir='ltr'><strong><em>τῷ</em></strong></span> <span class='ocrx_word' id='word_1_195' title='bbox 956 2486 1086 2572; x_wconf 77' lang='grc' dir='ltr'><strong><em>λέγοντι</em></strong></span> <span class='ocrx_word' id='word_1_196' title='bbox 1105 2488 1168 2554; x_wconf 81' lang='grc' dir='ltr'><strong><em>οὐκ</em></strong></span> 
     </span>
     <span class='ocr_line' id='line_1_23' title="bbox 154 2589 1167 2679; baseline -0.001 -19"><span class='ocrx_word' id='word_1_197' title='bbox 154 2591 240 2660; x_wconf 84' lang='grc' dir='ltr'><strong><em>εἶναι</em></strong></span> <span class='ocrx_word' id='word_1_198' title='bbox 263 2599 383 2679; x_wconf 90' lang='grc' dir='ltr'><strong><em>φίλους</em></strong></span> <span class='ocrx_word' id='word_1_199' title='bbox 406 2593 535 2670; x_wconf 83' lang='grc' dir='ltr'><strong><em>αὐτούς.</em></strong></span> <span class='ocrx_word' id='word_1_200' title='bbox 581 2589 653 2658; x_wconf 88' lang='grc' dir='ltr'><strong><em>ἀλλ’</em></strong></span> <span class='ocrx_word' id='word_1_201' title='bbox 677 2592 803 2677; x_wconf 77' lang='grc' dir='ltr'><strong><em>ἐβλήθη</em></strong></span> <span class='ocrx_word' id='word_1_202' title='bbox 821 2594 871 2670; x_wconf 84' lang='grc' dir='ltr'><strong><em>εἰς</em></strong></span> <span class='ocrx_word' id='word_1_203' title='bbox 889 2595 927 2660; x_wconf 84' lang='grc' dir='ltr'><strong><em>τὸ</em></strong></span> <span class='ocrx_word' id='word_1_204' title='bbox 950 2592 1054 2678; x_wconf 81' lang='grc' dir='ltr'><strong><em>μέσον</em></strong></span> <span class='ocrx_word' id='word_1_205' title='bbox 1076 2597 1167 2679; x_wconf 80' lang='grc' dir='ltr'><strong><em>μερί-</em></strong></span> 
     </span>
     <span class='ocr_line' id='line_1_24' title="bbox 154 2697 1166 2786; baseline 0.003 -23"><span class='ocrx_word' id='word_1_206' title='bbox 154 2700 241 2786; x_wconf 83' lang='grc' dir='ltr'><strong><em>διον,</em></strong></span> <span class='ocrx_word' id='word_1_207' title='bbox 271 2701 400 2784; x_wconf 80' lang='grc' dir='ltr'><strong><em>κομψὸν</em></strong></span> <span class='ocrx_word' id='word_1_208' title='bbox 428 2699 658 2784; x_wconf 82' lang='grc' dir='ltr'><strong><em>γυναικάριον,</em></strong></span> <span class='ocrx_word' id='word_1_209' title='bbox 687 2697 743 2764; x_wconf 79' lang='grc' dir='ltr'><strong><em>καὶ</em></strong></span> <span class='ocrx_word' id='word_1_210' title='bbox 775 2697 850 2785; x_wconf 81' lang='grc' dir='ltr'><strong><em>περὶ</em></strong></span> <span class='ocrx_word' id='word_1_211' title='bbox 879 2699 983 2766; x_wconf 84' lang='grc' dir='ltr'><strong><em>αὐτοῦ</em></strong></span> <span class='ocrx_word' id='word_1_212' title='bbox 1014 2703 1166 2785; x_wconf 86' lang='grc' dir='ltr'><strong><em>πόλεμος.</em></strong></span> 
     </span>
     <span class='ocr_line' id='line_1_25' title="bbox 100 2802 1168 2892; baseline 0.005 -23"><span class='ocrx_word' id='word_1_213' title='bbox 100 2822 134 2870; x_wconf 81' lang='lat'><strong><em>24</em></strong></span> <span class='ocrx_word' id='word_1_214' title='bbox 153 2802 208 2871; x_wconf 81' lang='grc' dir='ltr'><strong><em>καὶ</em></strong></span> <span class='ocrx_word' id='word_1_215' title='bbox 227 2815 303 2888; x_wconf 90' lang='grc' dir='ltr'><strong><em>νῦν,</em></strong></span> <span class='ocrx_word' id='word_1_216' title='bbox 325 2803 405 2870; x_wconf 79' lang='grc' dir='ltr'><strong><em>ὅταν</em></strong></span> <span class='ocrx_word' id='word_1_217' title='bbox 424 2805 498 2892; x_wconf 78' lang='grc' dir='ltr'><strong><em>ίδῃς</em></strong></span> <span class='ocrx_word' id='word_1_218' title='bbox 514 2809 646 2891; x_wconf 90' lang='grc' dir='ltr'><strong><em>φίλους,</em></strong></span> <span class='ocrx_word' id='word_1_219' title='bbox 669 2804 834 2891; x_wconf 83' lang='grc' dir='ltr'><strong><em>ἀδελφοὺς</em></strong></span> <span class='ocrx_word' id='word_1_220' title='bbox 850 2805 1008 2890; x_wconf 86' lang='grc' dir='ltr'><strong><em>δμονοείν</em></strong></span> <span class='ocrx_word' id='word_1_221' title='bbox 1027 2806 1168 2874; x_wconf 81' lang='grc' dir='ltr'><strong><em>δοκοῦν-</em></strong></span> 
     </span>
     <span class='ocr_line' id='line_1_26' title="bbox 153 2910 1207 2998; baseline 0 -22"><span class='ocrx_word' id='word_1_222' title='bbox 153 2934 226 2995; x_wconf 87' lang='grc' dir='ltr'><strong><em>τας,</em></strong></span> <span class='ocrx_word' id='word_1_223' title='bbox 255 2912 299 2996; x_wconf 77' lang='grc' dir='ltr'><strong><em>μὴ</em></strong></span> <span class='ocrx_word' id='word_1_224' title='bbox 328 2910 473 2977; x_wconf 79' lang='grc' dir='ltr'><strong><em>αὐτόθεν</em></strong></span> <span class='ocrx_word' id='word_1_225' title='bbox 497 2910 665 2998; x_wconf 77' lang='grc' dir='ltr'><strong><em>ἀποφαίνῃ</em></strong></span> <span class='ocrx_word' id='word_1_226' title='bbox 688 2910 764 2996; x_wconf 80' lang='grc' dir='ltr'><strong><em>περὶ</em></strong></span> <span class='ocrx_word' id='word_1_227' title='bbox 786 2921 844 2995; x_wconf 80' lang='grc' dir='ltr'><strong><em>τῆς</em></strong></span> <span class='ocrx_word' id='word_1_228' title='bbox 865 2915 980 2996; x_wconf 90' lang='grc' dir='ltr'><strong><em>φιλίας</em></strong></span> <span class='ocrx_word' id='word_1_229' title='bbox 1001 2937 1032 2977; x_wconf 91' lang='grc' dir='ltr'><strong><em>τι</em></strong></span> <span class='ocrx_word' id='word_1_230' title='bbox 1055 2913 1166 2979; x_wconf 80' lang='grc' dir='ltr'><strong><em>αὐτῶν</em></strong></span> <span class='ocrx_word' id='word_1_231' title='bbox 1179 2935 1207 2976; x_wconf 71' lang='grc' dir='ltr'><strong><em>τι</em></strong></span> 
     </span>
     <span class='ocr_line' id='line_1_27' title="bbox 153 3013 1166 3103; baseline 0.005 -23"><span class='ocrx_word' id='word_1_232' title='bbox 153 3013 230 3102; x_wconf 82' lang='grc' dir='ltr'><strong><em>μηδ’</em></strong></span> <span class='ocrx_word' id='word_1_233' title='bbox 262 3015 305 3081; x_wconf 82' lang='grc' dir='ltr'><strong><em>ἀν</em></strong></span> <span class='ocrx_word' id='word_1_234' title='bbox 332 3016 502 3101; x_wconf 83' lang='grc' dir='ltr'><strong><em>ὀμνύωσιν</em></strong></span> <span class='ocrx_word' id='word_1_235' title='bbox 529 3015 607 3102; x_wconf 84' lang='grc' dir='ltr'><strong><em>μηδ’</em></strong></span> <span class='ocrx_word' id='word_1_236' title='bbox 633 3015 676 3082; x_wconf 85' lang='grc' dir='ltr'><strong><em>ἀν</em></strong></span> <span class='ocrx_word' id='word_1_237' title='bbox 703 3016 876 3094; x_wconf 75' lang='grc' dir='ltr'><strong><em>ἀδυνάτως</em></strong></span> <span class='ocrx_word' id='word_1_238' title='bbox 906 3020 994 3103; x_wconf 84' lang='grc' dir='ltr'><strong><em>ἔχειν</em></strong></span> <span class='ocrx_word' id='word_1_239' title='bbox 1021 3017 1166 3103; x_wconf 82' lang='grc' dir='ltr'><strong><em>λέγωσιν</em></strong></span> 
     </span>
     <span class='ocr_line' id='line_1_28' title="bbox 98 3121 1165 3210; baseline 0.001 -20"><span class='ocrx_word' id='word_1_240' title='bbox 98 3139 133 3190; x_wconf 77' lang='lat'><strong><em>25</em></strong></span> <span class='ocrx_word' id='word_1_241' title='bbox 152 3122 363 3210; x_wconf 72' lang='grc' dir='ltr'><strong><em>ἀπηλλάχθαι</em></strong></span> <span class='ocrx_word' id='word_1_242' title='bbox 386 3121 548 3205; x_wconf 79' lang='grc' dir='ltr'><strong><em>ἀλλήλων.</em></strong></span> <span class='ocrx_word' id='word_1_243' title='bbox 594 3123 655 3189; x_wconf 85' lang='grc' dir='ltr'><strong><em>οὐκ</em></strong></span> <span class='ocrx_word' id='word_1_244' title='bbox 674 3125 742 3188; x_wconf 81' lang='grc' dir='ltr'><strong><em>ἔστι</em></strong></span> <span class='ocrx_word' id='word_1_245' title='bbox 760 3125 878 3190; x_wconf 83' lang='grc' dir='ltr'><strong><em>πιστὸν</em></strong></span> <span class='ocrx_word' id='word_1_246' title='bbox 897 3125 934 3190; x_wconf 85' lang='grc' dir='ltr'><strong><em>τὸ</em></strong></span> <span class='ocrx_word' id='word_1_247' title='bbox 952 3134 1013 3190; x_wconf 91' lang='grc' dir='ltr'><strong><em>τοῦ</em></strong></span> <span class='ocrx_word' id='word_1_248' title='bbox 1031 3127 1165 3209; x_wconf 88' lang='grc' dir='ltr'><strong><em>φαύλου</em></strong></span> 
     </span>
    </p>
   </div>
   <div class='ocr_carea' id='block_1_6' title="bbox 153 3249 367 3258">
    <p class='ocr_par' dir='ltr' id='par_1_6' title="bbox 153 3249 367 3258">
     <span class='ocr_line' id='line_1_29' title="bbox 153 3249 367 3258; baseline 0 0"><span class='ocrx_word' id='word_1_249' title='bbox 153 3249 367 3258; x_wconf 76' lang='lat'><em>—.————--</em></span> 
     </span>
    </p>
   </div>
   <div class='ocr_carea' id='block_1_7' title="bbox 225 3313 777 3384">
    <p class='ocr_par' dir='ltr' id='par_1_7' title="bbox 225 3313 777 3384">
     <span class='ocr_line' id='line_1_30' title="bbox 225 3313 777 3384; baseline 0.007 -18"><span class='ocrx_word' id='word_1_250' title='bbox 225 3319 257 3366; x_wconf 79' lang='lat'><strong><em>12</em></strong></span> <span class='ocrx_word' id='word_1_251' title='bbox 269 3331 329 3381; x_wconf 80' lang='lat' dir='ltr'>sqq.</span> <span class='ocrx_word' id='word_1_252' title='bbox 349 3313 426 3382; x_wconf 84' lang='lat' dir='ltr'>Epic.</span> <span class='ocrx_word' id='word_1_253' title='bbox 445 3313 492 3367; x_wconf 75' lang='lat' dir='ltr'><strong><em>Ue.</em></strong></span> <span class='ocrx_word' id='word_1_254' title='bbox 512 3313 543 3370; x_wconf 84' lang='lat' dir='ltr'><strong><em>fr.</em></strong></span> <span class='ocrx_word' id='word_1_255' title='bbox 565 3317 617 3368; x_wconf 79' lang='lat'><strong><em>513</em></strong></span> <span class='ocrx_word' id='word_1_256' title='bbox 636 3316 707 3382; x_wconf 75' lang='lat'>(³15,</span> <span class='ocrx_word' id='word_1_257' title='bbox 722 3318 777 3384; x_wconf 75' lang='lat'>32).</span> 
     </span>
    </p>
   </div>
   <div class='ocr_carea' id='block_1_8' title="bbox 152 3421 365 3431">
    <p class='ocr_par' dir='ltr' id='par_1_8' title="bbox 152 3421 365 3431">
     <span class='ocr_line' id='line_1_31' title="bbox 152 3421 365 3431; baseline -0.005 -1"><span class='ocrx_word' id='word_1_258' title='bbox 152 3421 365 3431; x_wconf 53' lang='lat' dir='ltr'><strong><em>*a—</em></strong></span> 
     </span>
    </p>
   </div>
   <div class='ocr_carea' id='block_1_9' title="bbox 154 3479 1166 3624">
    <p class='ocr_par' dir='ltr' id='par_1_9' title="bbox 154 3479 1166 3624">
     <span class='ocr_line' id='line_1_32' title="bbox 154 3479 1166 3624; baseline 0.011 -88"><span class='ocrx_word' id='word_1_259' title='bbox 154 3553 202 3623; x_wconf 68' lang='lat' dir='ltr'><strong><em>S(</em></strong></span> <span class='ocrx_word' id='word_1_260' title='bbox 225 3490 240 3537; x_wconf 83' lang='grc'>6</span> <span class='ocrx_word' id='word_1_261' title='bbox 260 3479 352 3624; x_wconf 60' lang='grc' dir='ltr'><strong><em>έιιεξνο</em></strong></span> <span class='ocrx_word' id='word_1_262' title='bbox 371 3481 445 3538; x_wconf 80' lang='grc' dir='ltr'><strong><em>εἶναι</em></strong></span> <span class='ocrx_word' id='word_1_263' title='bbox 463 3492 490 3540; x_wconf 82' lang='lat' dir='ltr'><strong><em>et</em></strong></span> <span class='ocrx_word' id='word_1_264' title='bbox 507 3491 522 3538; x_wconf 76' lang='lat'><strong>7</strong></span> <span class='ocrx_word' id='word_1_265' title='bbox 543 3481 629 3554; x_wconf 80' lang='grc' dir='ltr'><strong><em>έιιτάς,</em></strong></span> <span class='ocrx_word' id='word_1_266' title='bbox 648 3483 740 3540; x_wconf 79' lang='grc' dir='ltr'><strong><em>έκεῖνο</em></strong></span> <span class='ocrx_word' id='word_1_267' title='bbox 755 3487 788 3541; x_wconf 74' lang='lat' dir='ltr'><strong><em>S:</em></strong></span> <span class='ocrx_word' id='word_1_268' title='bbox 805 3503 874 3543; x_wconf 78' lang='grc' dir='ltr'><strong><em>οονν.</em></strong></span> <span class='ocrx_word' id='word_1_269' title='bbox 894 3489 957 3558; x_wconf 75' lang='lat' dir='ltr'><em>Upt.</em></span> <span class='ocrx_word' id='word_1_270' title='bbox 984 3492 994 3557; x_wconf 73' lang='grc' dir='ltr'><em>λ</em></span> <span class='ocrx_word' id='word_1_271' title='bbox 1019 3497 1054 3545; x_wconf 73' lang='lat'><strong><em>24</em></strong></span> <span class='ocrx_word' id='word_1_272' title='bbox 1073 3493 1166 3561; x_wconf 78' lang='grc' dir='ltr'><strong><em>*ίδηις</em></strong></span> 
     </span>
     <span class='ocr_line' id='line_1_33' title="bbox 202 3570 301 3608; baseline 0.01 -1"><span class='ocrx_word' id='word_1_273' title='bbox 202 3572 215 3607; x_wconf 85' lang='grc' dir='ltr'><strong><em>ε</em></strong></span> <span class='ocrx_word' id='word_1_274' title='bbox 233 3570 301 3608; x_wconf 76' lang='lat' dir='ltr'><strong><em>eras.</em></strong></span> 
     </span>
    </p>
   </div>
   <div class='ocr_carea' id='block_1_10' title="bbox 0 0 1330 3930">
    <p class='ocr_par' dir='ltr' id='par_1_10' title="bbox 0 0 1330 3930">
     <span class='ocr_line' id='line_1_34' title="bbox 0 0 1330 3930; baseline 0 3"><span class='ocrx_word' id='word_1_275' title='bbox 0 0 1330 3930; x_wconf 95' lang='lat' dir='ltr'><strong><em> </em></strong></span> 
     </span>
    </p>
   </div>
  </div>
 </body>
</html>
