<?xml version="1.0" encoding="UTF-8"?>
<!DOCTYPE html PUBLIC "-//W3C//DTD XHTML 1.0 Transitional//EN"
    "http://www.w3.org/TR/xhtml1/DTD/xhtml1-transitional.dtd">
<html xmlns="http://www.w3.org/1999/xhtml" xml:lang="en" lang="en">
 <head>
  <title>
</title>
<meta http-equiv="Content-Type" content="text/html;charset=utf-8" />
  <meta name='ocr-system' content='tesseract 3.04.00' />
  <meta name='ocr-capabilities' content='ocr_page ocr_carea ocr_par ocr_line ocrx_word'/>
</head>
<body>
  <div class='ocr_page' id='page_1' title='image "./dissertationesa00epicgoog/dissertationesa00epicgoog_0039.png"; bbox 0 0 2630 3928; ppageno 0'>
   <div class='ocr_carea' id='block_1_1' title="bbox 183 219 1047 283">
    <p class='ocr_par' dir='ltr' id='par_1_1' title="bbox 183 219 1047 283">
     <span class='ocr_line' id='line_1_1' title="bbox 183 219 1047 283; baseline 0.001 -10"><span class='ocrx_word' id='word_1_1' title='bbox 183 219 223 283; x_wconf 84' lang='lat'><strong><em>16</em></strong></span> <span class='ocrx_word' id='word_1_2' title='bbox 327 221 508 274; x_wconf 80' lang='lat' dir='ltr'>APPIANOT</span> <span class='ocrx_word' id='word_1_3' title='bbox 525 220 600 274; x_wconf 81' lang='grc' dir='ltr'><strong><em>ΤΩΝ</em></strong></span> <span class='ocrx_word' id='word_1_4' title='bbox 617 221 834 274; x_wconf 82' lang='grc' dir='ltr'>ΕΠΙΚΤΗΤΟΤ</span> <span class='ocrx_word' id='word_1_5' title='bbox 852 219 1047 274; x_wconf 76' lang='grc' dir='ltr'><strong>ΔΙΑΤΡΙΒΩΝ</strong></span> 
     </span>
    </p>
   </div>
   <div class='ocr_carea' id='block_1_2' title="bbox 130 378 1243 1746">
    <p class='ocr_par' dir='ltr' id='par_1_2' title="bbox 180 378 1232 682">
     <span class='ocr_line' id='line_1_2' title="bbox 180 378 1194 469; baseline -0.001 -22"><span class='ocrx_word' id='word_1_6' title='bbox 180 384 288 469; x_wconf 79' lang='grc' dir='ltr'><strong><em>ἔργον.</em></strong></span> <span class='ocrx_word' id='word_1_7' title='bbox 333 393 398 448; x_wconf 91' lang='grc' dir='ltr'><strong><em>ποῦ</em></strong></span> <span class='ocrx_word' id='word_1_8' title='bbox 426 380 467 447; x_wconf 81' lang='grc' dir='ltr'><strong><em>δέ</em></strong></span> <span class='ocrx_word' id='word_1_9' title='bbox 486 401 548 448; x_wconf 90' lang='grc' dir='ltr'><strong><em>σου</em></strong></span> <span class='ocrx_word' id='word_1_10' title='bbox 570 385 608 448; x_wconf 87' lang='grc' dir='ltr'><strong><em>τδ</em></strong></span> <span class='ocrx_word' id='word_1_11' title='bbox 632 384 747 468; x_wconf 81' lang='grc' dir='ltr'><strong><em>ἔργον;</em></strong></span> <span class='ocrx_word' id='word_1_12' title='bbox 772 381 808 447; x_wconf 81' lang='grc' dir='ltr'><strong><em>ἐν</em></strong></span> <span class='ocrx_word' id='word_1_13' title='bbox 832 379 937 468; x_wconf 86' lang='grc' dir='ltr'><strong><em>ὀρέξει</em></strong></span> <span class='ocrx_word' id='word_1_14' title='bbox 959 378 1013 446; x_wconf 86' lang='grc' dir='ltr'><strong><em>καὶ</em></strong></span> <span class='ocrx_word' id='word_1_15' title='bbox 1037 379 1194 466; x_wconf 84' lang='grc' dir='ltr'><strong><em>έκκλίσει,</em></strong></span> 
     </span>
     <span class='ocr_line' id='line_1_3' title="bbox 180 483 1232 576; baseline -0.001 -22"><span class='ocrx_word' id='word_1_16' title='bbox 180 485 225 554; x_wconf 78' lang='grc' dir='ltr'><strong><em>ἵν’</em></strong></span> <span class='ocrx_word' id='word_1_17' title='bbox 252 488 492 566; x_wconf 89' lang='grc' dir='ltr'><strong><em>ἀναπότευκτος</em></strong></span> <span class='ocrx_word' id='word_1_18' title='bbox 518 483 558 576; x_wconf 76' lang='grc' dir='ltr'><strong><em>ᾗς</em></strong></span> <span class='ocrx_word' id='word_1_19' title='bbox 585 486 640 554; x_wconf 83' lang='grc' dir='ltr'><strong><em>καὶ</em></strong></span> <span class='ocrx_word' id='word_1_20' title='bbox 667 488 903 575; x_wconf 88' lang='grc' dir='ltr'><strong><em>ἀπερίπτωτος,</em></strong></span> <span class='ocrx_word' id='word_1_21' title='bbox 932 487 968 553; x_wconf 83' lang='grc' dir='ltr'><strong><em>ίν</em></strong></span> <span class='ocrx_word' id='word_1_22' title='bbox 997 488 1114 573; x_wconf 77' lang='grc' dir='ltr'><strong><em>ὁρμαῖς</em></strong></span> <span class='ocrx_word' id='word_1_23' title='bbox 1136 486 1194 553; x_wconf 80' lang='grc' dir='ltr'><strong><em>καὶ</em></strong></span> <span class='ocrx_word' id='word_1_24' title='bbox 1225 555 1232 565; x_wconf 76' lang='grc'><strong><em>,</em></strong></span> 
     </span>
     <span class='ocr_line' id='line_1_4' title="bbox 181 592 1188 682; baseline -0.001 -22"><span class='ocrx_word' id='word_1_25' title='bbox 181 594 355 681; x_wconf 79' lang='grc' dir='ltr'><em>ἀφορμαῖς,</em></span> <span class='ocrx_word' id='word_1_26' title='bbox 374 593 418 661; x_wconf 78' lang='grc' dir='ltr'><strong><em>ἵν’</em></strong></span> <span class='ocrx_word' id='word_1_27' title='bbox 436 595 674 682; x_wconf 78' lang='grc' dir='ltr'><em>ἀναμάρτητος,</em></span> <span class='ocrx_word' id='word_1_28' title='bbox 694 594 730 660; x_wconf 85' lang='grc' dir='ltr'><strong><em>ἐν</em></strong></span> <span class='ocrx_word' id='word_1_29' title='bbox 749 593 928 679; x_wconf 77' lang='grc' dir='ltr'><strong><em>προσθέσει</em></strong></span> <span class='ocrx_word' id='word_1_30' title='bbox 941 592 996 660; x_wconf 79' lang='grc' dir='ltr'><strong><em>καὶ</em></strong></span> <span class='ocrx_word' id='word_1_31' title='bbox 1012 593 1124 680; x_wconf 74' lang='grc' dir='ltr'><strong><em>έποχη,</em></strong></span> <span class='ocrx_word' id='word_1_32' title='bbox 1142 593 1188 659; x_wconf 78' lang='grc' dir='ltr'><strong><em>ἵν’</em></strong></span> 
     </span>
    </p>

    <p class='ocr_par' dir='ltr' id='par_1_3' title="bbox 130 699 1243 1002">
     <span class='ocr_line' id='line_1_5' title="bbox 130 699 1194 788; baseline -0.002 -20"><span class='ocrx_word' id='word_1_33' title='bbox 130 719 163 768; x_wconf 81' lang='lat'><strong><em>12</em></strong></span> <span class='ocrx_word' id='word_1_34' title='bbox 183 700 430 787; x_wconf 86' lang='grc' dir='ltr'><strong><em>ἀνεξαπάτητος.</em></strong></span> <span class='ocrx_word' id='word_1_35' title='bbox 481 713 604 785; x_wconf 86' lang='grc' dir='ltr'><strong><em>πρῶτοι</em></strong></span> <span class='ocrx_word' id='word_1_36' title='bbox 633 699 663 766; x_wconf 90' lang='grc' dir='ltr'><strong><em>δ’</em></strong></span> <span class='ocrx_word' id='word_1_37' title='bbox 691 700 776 767; x_wconf 86' lang='grc' dir='ltr'><strong><em>είσὶν</em></strong></span> <span class='ocrx_word' id='word_1_38' title='bbox 805 702 839 767; x_wconf 83' lang='lat' dir='ltr'><strong><em>oi</em></strong></span> <span class='ocrx_word' id='word_1_39' title='bbox 863 712 987 788; x_wconf 83' lang='grc' dir='ltr'><strong><em>πρῶτοι</em></strong></span> <span class='ocrx_word' id='word_1_40' title='bbox 1014 703 1110 766; x_wconf 85' lang='grc' dir='ltr'><strong><em>τόποι</em></strong></span> <span class='ocrx_word' id='word_1_41' title='bbox 1136 699 1194 766; x_wconf 84' lang='grc' dir='ltr'><strong><em>καὶ</em></strong></span> 
     </span>
     <span class='ocr_line' id='line_1_6' title="bbox 182 805 1243 895; baseline 0.001 -22"><span class='ocrx_word' id='word_1_42' title='bbox 182 807 440 892; x_wconf 89' lang='grc' dir='ltr'><strong><em>ἀναγκαιότατοι.</em></strong></span> <span class='ocrx_word' id='word_1_43' title='bbox 487 807 529 874; x_wconf 88' lang='grc' dir='ltr'><strong><em>ἀν</em></strong></span> <span class='ocrx_word' id='word_1_44' title='bbox 553 805 590 874; x_wconf 69' lang='grc' dir='ltr'><strong><em>δὲ</em></strong></span> <span class='ocrx_word' id='word_1_45' title='bbox 612 807 741 895; x_wconf 78' lang='grc' dir='ltr'><strong><em>τρέμων</em></strong></span> <span class='ocrx_word' id='word_1_46' title='bbox 763 806 818 874; x_wconf 84' lang='grc' dir='ltr'><strong><em>καὶ</em></strong></span> <span class='ocrx_word' id='word_1_47' title='bbox 841 815 977 874; x_wconf 83' lang='grc' dir='ltr'><strong><em>πενθῶν</em></strong></span> <span class='ocrx_word' id='word_1_48' title='bbox 998 811 1091 892; x_wconf 74' lang='grc' dir='ltr'><strong><em>ζητῇς</em></strong></span> <span class='ocrx_word' id='word_1_49' title='bbox 1114 806 1193 872; x_wconf 85' lang='grc' dir='ltr'><strong><em>ἀπε·</em></strong></span> <span class='ocrx_word' id='word_1_50' title='bbox 1226 833 1243 874; x_wconf 83' lang='lat'><strong>5</strong></span> 
     </span>
     <span class='ocr_line' id='line_1_7' title="bbox 184 911 875 1002; baseline 0 -21"><span class='ocrx_word' id='word_1_51' title='bbox 184 918 345 1000; x_wconf 88' lang='grc' dir='ltr'><strong><em>ρίπτωτος</em></strong></span> <span class='ocrx_word' id='word_1_52' title='bbox 368 911 465 1000; x_wconf 83' lang='grc' dir='ltr'><strong><em>εἶναι,</em></strong></span> <span class='ocrx_word' id='word_1_53' title='bbox 489 917 552 1001; x_wconf 91' lang='grc' dir='ltr'><strong><em>ἀρα</em></strong></span> <span class='ocrx_word' id='word_1_54' title='bbox 575 927 643 993; x_wconf 82' lang='grc' dir='ltr'><strong><em>πῶς</em></strong></span> <span class='ocrx_word' id='word_1_55' title='bbox 665 919 875 1002; x_wconf 86' lang='grc' dir='ltr'><strong><em>προκόπτεις;</em></strong></span> 
     </span>
    </p>

    <p class='ocr_par' dir='ltr' id='par_1_4' title="bbox 131 1015 1241 1425">
     <span class='ocr_line' id='line_1_8' title="bbox 131 1015 1196 1108; baseline -0.001 -21"><span class='ocrx_word' id='word_1_56' title='bbox 131 1039 164 1087; x_wconf 86' lang='grc'><strong><em>13</em></strong></span> <span class='ocrx_word' id='word_1_57' title='bbox 250 1023 303 1085; x_wconf 85' lang='grc' dir='ltr'><strong><em>Σὺ</em></strong></span> <span class='ocrx_word' id='word_1_58' title='bbox 334 1015 396 1086; x_wconf 84' lang='grc' dir='ltr'><strong><em>οὖν</em></strong></span> <span class='ocrx_word' id='word_1_59' title='bbox 427 1020 573 1086; x_wconf 81' lang='grc' dir='ltr'><strong><em>ἐνταῦθά</em></strong></span> <span class='ocrx_word' id='word_1_60' title='bbox 603 1045 659 1105; x_wconf 95' lang='grc' dir='ltr'><strong><em>μοι</em></strong></span> <span class='ocrx_word' id='word_1_61' title='bbox 689 1021 798 1100; x_wconf 78' lang='grc' dir='ltr'><strong><em>δεῖξόν</em></strong></span> <span class='ocrx_word' id='word_1_62' title='bbox 829 1039 890 1088; x_wconf 89' lang='grc' dir='ltr'><strong><em>σου</em></strong></span> <span class='ocrx_word' id='word_1_63' title='bbox 920 1023 981 1107; x_wconf 81' lang='grc' dir='ltr'><strong><em>τὴν</em></strong></span> <span class='ocrx_word' id='word_1_64' title='bbox 1012 1025 1196 1108; x_wconf 83' lang='grc' dir='ltr'><strong><em>προκοπήν.</em></strong></span> 
     </span>
     <span class='ocr_line' id='line_1_9' title="bbox 182 1125 1195 1213; baseline -0.001 -21"><span class='ocrx_word' id='word_1_65' title='bbox 182 1127 332 1213; x_wconf 91' lang='grc' dir='ltr'><strong><em>καθάπερ</em></strong></span> <span class='ocrx_word' id='word_1_66' title='bbox 348 1129 379 1191; x_wconf 90' lang='grc' dir='ltr'><strong><em>εί</em></strong></span> <span class='ocrx_word' id='word_1_67' title='bbox 392 1125 519 1212; x_wconf 75' lang='grc' dir='ltr'><strong><em>ἀθλητῇ</em></strong></span> <span class='ocrx_word' id='word_1_68' title='bbox 539 1127 735 1212; x_wconf 78' lang='grc' dir='ltr'><strong><em>διελεγόμην</em></strong></span> <span class='ocrx_word' id='word_1_69' title='bbox 753 1126 875 1205; x_wconf 60' lang='grc' dir='ltr'><strong><em>“δεϊξόν</em></strong></span> <span class='ocrx_word' id='word_1_70' title='bbox 890 1151 946 1212; x_wconf 88' lang='grc' dir='ltr'><strong><em>μοι</em></strong></span> <span class='ocrx_word' id='word_1_71' title='bbox 963 1130 1041 1204; x_wconf 88' lang='grc' dir='ltr'><strong><em>τοὺς</em></strong></span> <span class='ocrx_word' id='word_1_72' title='bbox 1059 1125 1195 1210; x_wconf 76' lang='grc' dir='ltr'><strong><em>ὤμους’,</em></strong></span> 
     </span>
     <span class='ocr_line' id='line_1_10' title="bbox 182 1229 1195 1320; baseline 0 -22"><span class='ocrx_word' id='word_1_73' title='bbox 182 1229 252 1300; x_wconf 78' lang='grc' dir='ltr'><strong><em>εἶτα</em></strong></span> <span class='ocrx_word' id='word_1_74' title='bbox 275 1237 386 1317; x_wconf 78' lang='grc' dir='ltr'><strong><em>ἔλεγεν</em></strong></span> <span class='ocrx_word' id='word_1_75' title='bbox 415 1232 540 1310; x_wconf 81' lang='grc' dir='ltr'><strong><em>ἐκεῖνος</em></strong></span> <span class='ocrx_word' id='word_1_76' title='bbox 568 1233 629 1298; x_wconf 62' lang='grc' dir='ltr'><strong><em>’ίδε</em></strong></span> <span class='ocrx_word' id='word_1_77' title='bbox 653 1259 717 1318; x_wconf 92' lang='grc' dir='ltr'><strong><em>μου</em></strong></span> <span class='ocrx_word' id='word_1_78' title='bbox 740 1237 818 1311; x_wconf 89' lang='grc' dir='ltr'><strong><em>τοὺς</em></strong></span> <span class='ocrx_word' id='word_1_79' title='bbox 845 1233 1006 1320; x_wconf 63' lang='grc' dir='ltr'><strong><em>ἁλτῆρας.</em></strong></span> <span class='ocrx_word' id='word_1_80' title='bbox 1052 1235 1127 1312; x_wconf 75' lang='grc' dir='ltr'><strong><em>ὄψει</em></strong></span> <span class='ocrx_word' id='word_1_81' title='bbox 1151 1237 1195 1299; x_wconf 87' lang='grc' dir='ltr'><strong><em>σὺ</em></strong></span> 
     </span>
     <span class='ocr_line' id='line_1_11' title="bbox 183 1338 1241 1425; baseline 0.003 -21"><span class='ocrx_word' id='word_1_82' title='bbox 183 1338 237 1404; x_wconf 84' lang='grc' dir='ltr'><strong><em>καὶ</em></strong></span> <span class='ocrx_word' id='word_1_83' title='bbox 261 1341 296 1405; x_wconf 88' lang='lat' dir='ltr'><strong><em>oi</em></strong></span> <span class='ocrx_word' id='word_1_84' title='bbox 317 1339 464 1423; x_wconf 79' lang='grc' dir='ltr'><strong><em>ἁλτῆρες,</em></strong></span> <span class='ocrx_word' id='word_1_85' title='bbox 488 1338 607 1422; x_wconf 81' lang='grc' dir='ltr'><strong><em>ἐγώτὸ</em></strong></span> <span class='ocrx_word' id='word_1_86' title='bbox 627 1338 830 1425; x_wconf 79' lang='grc' dir='ltr'><strong><em>ἀποτέλεσμα</em></strong></span> <span class='ocrx_word' id='word_1_87' title='bbox 850 1351 918 1405; x_wconf 86' lang='grc' dir='ltr'><strong><em>τῶν</em></strong></span> <span class='ocrx_word' id='word_1_88' title='bbox 937 1339 1087 1425; x_wconf 82' lang='grc' dir='ltr'><strong><em>ἀλτηρων</em></strong></span> <span class='ocrx_word' id='word_1_89' title='bbox 1107 1341 1195 1404; x_wconf 84' lang='grc' dir='ltr'><strong><em>ίδεϊν</em></strong></span> <span class='ocrx_word' id='word_1_90' title='bbox 1210 1367 1241 1407; x_wconf 92' lang='lat'><strong><em>10</em></strong></span> 
     </span>
    </p>

    <p class='ocr_par' dir='ltr' id='par_1_5' title="bbox 132 1441 1223 1746">
     <span class='ocr_line' id='line_1_12' title="bbox 132 1441 1194 1532; baseline -0.002 -19"><span class='ocrx_word' id='word_1_91' title='bbox 132 1464 165 1513; x_wconf 90' lang='lat'><strong><em>14</em></strong></span> <span class='ocrx_word' id='word_1_92' title='bbox 183 1447 355 1531; x_wconf 93' lang='grc' dir='ltr'><strong><em>βούλομαι.</em></strong></span> <span class='ocrx_word' id='word_1_93' title='bbox 402 1445 492 1530; x_wconf 67' lang='grc' dir='ltr'><strong><em>“λάβε</em></strong></span> <span class='ocrx_word' id='word_1_94' title='bbox 520 1447 580 1529; x_wconf 78' lang='grc' dir='ltr'><strong><em>τὴν</em></strong></span> <span class='ocrx_word' id='word_1_95' title='bbox 603 1445 678 1532; x_wconf 85' lang='grc' dir='ltr'><strong><em>περὶ</em></strong></span> <span class='ocrx_word' id='word_1_96' title='bbox 701 1447 805 1532; x_wconf 81' lang='grc' dir='ltr'><strong><em>ὁρμῆς</em></strong></span> <span class='ocrx_word' id='word_1_97' title='bbox 828 1446 984 1524; x_wconf 87' lang='grc' dir='ltr'><strong><em>σύνταξιν</em></strong></span> <span class='ocrx_word' id='word_1_98' title='bbox 1005 1444 1061 1513; x_wconf 83' lang='grc' dir='ltr'><strong><em>καὶ</em></strong></span> <span class='ocrx_word' id='word_1_99' title='bbox 1084 1441 1194 1531; x_wconf 82' lang='grc' dir='ltr'><strong><em>γνῶθι</em></strong></span> 
     </span>
     <span class='ocr_line' id='line_1_13' title="bbox 181 1550 1223 1639; baseline 0.001 -22"><span class='ocrx_word' id='word_1_100' title='bbox 181 1563 250 1630; x_wconf 84' lang='grc' dir='ltr'><strong><em>πῶς</em></strong></span> <span class='ocrx_word' id='word_1_101' title='bbox 279 1553 383 1636; x_wconf 83' lang='grc' dir='ltr'><strong><em>αὐτην</em></strong></span> <span class='ocrx_word' id='word_1_102' title='bbox 410 1550 600 1634; x_wconf 85' lang='grc' dir='ltr'><strong><em>ἀνίγνωκα.’</em></strong></span> <span class='ocrx_word' id='word_1_103' title='bbox 647 1553 876 1639; x_wconf 90' lang='grc' dir='ltr'><strong><em>ἀνδράποδον,</em></strong></span> <span class='ocrx_word' id='word_1_104' title='bbox 904 1553 945 1618; x_wconf 90' lang='grc' dir='ltr'><strong><em>ού</em></strong></span> <span class='ocrx_word' id='word_1_105' title='bbox 971 1562 1069 1618; x_wconf 88' lang='grc' dir='ltr'><strong><em>τοῦτο</em></strong></span> <span class='ocrx_word' id='word_1_106' title='bbox 1099 1555 1223 1638; x_wconf 54' lang='lat' dir='ltr'><strong><em>imi),-</em></strong></span> 
     </span>
     <span class='ocr_line' id='line_1_14' title="bbox 182 1657 1195 1746; baseline 0.001 -23"><span class='ocrx_word' id='word_1_107' title='bbox 182 1657 265 1724; x_wconf 87' lang='grc' dir='ltr'><strong><em>ἀλλὰ</em></strong></span> <span class='ocrx_word' id='word_1_108' title='bbox 292 1670 361 1736; x_wconf 87' lang='grc' dir='ltr'><strong><em>πῦς</em></strong></span> <span class='ocrx_word' id='word_1_109' title='bbox 388 1659 492 1745; x_wconf 79' lang='grc' dir='ltr'><strong><em>ὁρμᾷς</em></strong></span> <span class='ocrx_word' id='word_1_110' title='bbox 519 1657 574 1726; x_wconf 80' lang='grc' dir='ltr'><strong><em>καί</em></strong></span> <span class='ocrx_word' id='word_1_111' title='bbox 603 1659 769 1746; x_wconf 81' lang='grc' dir='ltr'><strong><em>ἀφορμᾷς,</em></strong></span> <span class='ocrx_word' id='word_1_112' title='bbox 795 1670 864 1736; x_wconf 85' lang='grc' dir='ltr'><strong><em>πῶς</em></strong></span> <span class='ocrx_word' id='word_1_113' title='bbox 888 1658 986 1746; x_wconf 85' lang='grc' dir='ltr'><strong><em>ὀρέγη</em></strong></span> <span class='ocrx_word' id='word_1_114' title='bbox 1009 1657 1065 1724; x_wconf 80' lang='grc' dir='ltr'><strong><em>καί</em></strong></span> <span class='ocrx_word' id='word_1_115' title='bbox 1088 1657 1195 1725; x_wconf 81' lang='grc' dir='ltr'><strong><em>ἐκκλί-</em></strong></span> 
     </span>
    </p>
   </div>
   <div class='ocr_carea' id='block_1_3' title="bbox 132 1763 1300 2180">
    <p class='ocr_par' dir='ltr' id='par_1_6' title="bbox 132 1763 1300 2180">
     <span class='ocr_line' id='line_1_15' title="bbox 181 1763 1300 1852; baseline -0.001 -22"><span class='ocrx_word' id='word_1_116' title='bbox 181 1789 265 1850; x_wconf 86' lang='grc' dir='ltr'><strong><em>νεις,</em></strong></span> <span class='ocrx_word' id='word_1_117' title='bbox 295 1776 364 1842; x_wconf 85' lang='grc' dir='ltr'><strong><em>πῶς</em></strong></span> <span class='ocrx_word' id='word_1_118' title='bbox 392 1765 550 1852; x_wconf 78' lang='grc' dir='ltr'><strong><em>ἐπιβάλλῃ</em></strong></span> <span class='ocrx_word' id='word_1_119' title='bbox 579 1763 635 1832; x_wconf 83' lang='grc' dir='ltr'><strong><em>καλ</em></strong></span> <span class='ocrx_word' id='word_1_120' title='bbox 657 1769 852 1850; x_wconf 77' lang='grc' dir='ltr'><strong><em>προτίθεσαι</em></strong></span> <span class='ocrx_word' id='word_1_121' title='bbox 875 1763 930 1830; x_wconf 85' lang='grc' dir='ltr'><strong><em>καὶ</em></strong></span> <span class='ocrx_word' id='word_1_122' title='bbox 953 1765 1196 1851; x_wconf 74' lang='grc' dir='ltr'><strong><em>παρασκευάζῃ,</em></strong></span> <span class='ocrx_word' id='word_1_123' title='bbox 1299 1773 1300 1804; x_wconf 63' lang='lat'>³</span> 
     </span>
     <span class='ocr_line' id='line_1_16' title="bbox 132 1851 1300 1956; baseline 0 -18"><span class='ocrx_word' id='word_1_124' title='bbox 132 1891 164 1938; x_wconf 88' lang='lat'><strong><em>15</em></strong></span> <span class='ocrx_word' id='word_1_125' title='bbox 183 1876 305 1956; x_wconf 88' lang='grc' dir='ltr'><strong><em>πότερα</em></strong></span> <span class='ocrx_word' id='word_1_126' title='bbox 334 1873 522 1956; x_wconf 83' lang='grc' dir='ltr'><strong><em>συμφώνως</em></strong></span> <span class='ocrx_word' id='word_1_127' title='bbox 549 1879 588 1955; x_wconf 74' lang='grc' dir='ltr'><strong><em>τῇ</em></strong></span> <span class='ocrx_word' id='word_1_128' title='bbox 617 1871 716 1955; x_wconf 89' lang='grc' dir='ltr'><strong><em>φύσει</em></strong></span> <span class='ocrx_word' id='word_1_129' title='bbox 748 1869 768 1954; x_wconf 77' lang='grc' dir='ltr'>ἢ</span> <span class='ocrx_word' id='word_1_130' title='bbox 801 1870 1018 1956; x_wconf 85' lang='grc' dir='ltr'><strong><em>ἀσυμφώνως.</em></strong></span> <span class='ocrx_word' id='word_1_131' title='bbox 1068 1874 1099 1937; x_wconf 86' lang='grc' dir='ltr'><strong><em>εί</em></strong></span> <span class='ocrx_word' id='word_1_132' title='bbox 1129 1873 1195 1954; x_wconf 84' lang='grc' dir='ltr'><strong><em>γάρ</em></strong></span> <span class='ocrx_word' id='word_1_133' title='bbox 1212 1898 1242 1938; x_wconf 87' lang='lat'><strong><em>15</em></strong></span> <span class='ocrx_word' id='word_1_134' title='bbox 1299 1851 1300 1882; x_wconf 27' lang='grc' dir='ltr'><strong>ἶ</strong></span> 
     </span>
     <span class='ocr_line' id='line_1_17' title="bbox 183 1974 1299 2062; baseline -0.002 -18"><span class='ocrx_word' id='word_1_135' title='bbox 183 1978 385 2062; x_wconf 84' lang='grc' dir='ltr'><strong><em>συμφώνως,</em></strong></span> <span class='ocrx_word' id='word_1_136' title='bbox 413 1979 511 2041; x_wconf 89' lang='grc' dir='ltr'><strong><em>τοῦτό</em></strong></span> <span class='ocrx_word' id='word_1_137' title='bbox 539 2000 595 2059; x_wconf 92' lang='grc' dir='ltr'><strong><em>μοι</em></strong></span> <span class='ocrx_word' id='word_1_138' title='bbox 624 1977 754 2041; x_wconf 81' lang='grc' dir='ltr'><strong><em>δείκνυε</em></strong></span> <span class='ocrx_word' id='word_1_139' title='bbox 785 1974 840 2042; x_wconf 83' lang='grc' dir='ltr'><strong><em>καὶ</em></strong></span> <span class='ocrx_word' id='word_1_140' title='bbox 871 1975 933 2062; x_wconf 85' lang='grc' dir='ltr'><strong><em>έρώ</em></strong></span> <span class='ocrx_word' id='word_1_141' title='bbox 958 1993 1012 2043; x_wconf 91' lang='grc' dir='ltr'><strong><em>σοι</em></strong></span> <span class='ocrx_word' id='word_1_142' title='bbox 1040 1977 1090 2042; x_wconf 84' lang='grc' dir='ltr'><strong><em>ὅτι</em></strong></span> <span class='ocrx_word' id='word_1_143' title='bbox 1113 1998 1197 2062; x_wconf 81' lang='grc' dir='ltr'><strong><em>προ·</em></strong></span> <span class='ocrx_word' id='word_1_144' title='bbox 1298 2055 1299 2058; x_wconf 9' lang='lat'>¹</span> 
     </span>
     <span class='ocr_line' id='line_1_18' title="bbox 183 2065 1299 2180; baseline -0.001 -30"><span class='ocrx_word' id='word_1_145' title='bbox 183 2088 324 2159; x_wconf 86' lang='grc' dir='ltr'><strong><em>κόπτεις·</em></strong></span> <span class='ocrx_word' id='word_1_146' title='bbox 345 2085 375 2148; x_wconf 91' lang='grc' dir='ltr'><strong><em>εί</em></strong></span> <span class='ocrx_word' id='word_1_147' title='bbox 393 2079 424 2146; x_wconf 86' lang='grc' dir='ltr'><strong><em>δ’</em></strong></span> <span class='ocrx_word' id='word_1_148' title='bbox 442 2082 661 2180; x_wconf 83' lang='grc' dir='ltr'><strong><em>ἀσυμφώνως,</em></strong></span> <span class='ocrx_word' id='word_1_149' title='bbox 680 2083 804 2148; x_wconf 77' lang='grc' dir='ltr'><strong><em>ἄπελθε</em></strong></span> <span class='ocrx_word' id='word_1_150' title='bbox 823 2079 878 2148; x_wconf 83' lang='grc' dir='ltr'><strong><em>καὶ</em></strong></span> <span class='ocrx_word' id='word_1_151' title='bbox 897 2085 941 2166; x_wconf 80' lang='grc' dir='ltr'><strong><em>μὴ</em></strong></span> <span class='ocrx_word' id='word_1_152' title='bbox 956 2085 1060 2167; x_wconf 88' lang='grc' dir='ltr'><strong><em>μόνον</em></strong></span> <span class='ocrx_word' id='word_1_153' title='bbox 1075 2080 1196 2167; x_wconf 83' lang='grc' dir='ltr'><strong><em>ἐξηγοῦ</em></strong></span> <span class='ocrx_word' id='word_1_154' title='bbox 1298 2065 1299 2088; x_wconf 17' lang='grc' dir='ltr'><strong><em>ἀ</em></strong></span> 
     </span>
    </p>
   </div>
   <div class='ocr_carea' id='block_1_4' title="bbox 132 2186 1242 2809">
    <p class='ocr_par' dir='ltr' id='par_1_7' title="bbox 132 2186 1242 2486">
     <span class='ocr_line' id='line_1_19' title="bbox 132 2186 1197 2274; baseline -0.004 -15"><span class='ocrx_word' id='word_1_155' title='bbox 132 2191 223 2258; x_wconf 84' lang='grc' dir='ltr'><strong><em>16τά</em></strong></span> <span class='ocrx_word' id='word_1_156' title='bbox 245 2192 369 2272; x_wconf 81' lang='grc' dir='ltr'><strong><em>βιβλία,</em></strong></span> <span class='ocrx_word' id='word_1_157' title='bbox 392 2187 476 2254; x_wconf 89' lang='grc' dir='ltr'><strong><em>ἀλλά</em></strong></span> <span class='ocrx_word' id='word_1_158' title='bbox 498 2186 553 2254; x_wconf 79' lang='grc' dir='ltr'><strong><em>καὶ</em></strong></span> <span class='ocrx_word' id='word_1_159' title='bbox 575 2189 681 2274; x_wconf 80' lang='grc' dir='ltr'><strong><em>γράφε</em></strong></span> <span class='ocrx_word' id='word_1_160' title='bbox 703 2189 800 2270; x_wconf 83' lang='grc' dir='ltr'><strong><em>αὐτὸς</em></strong></span> <span class='ocrx_word' id='word_1_161' title='bbox 823 2199 965 2255; x_wconf 90' lang='grc' dir='ltr'><strong><em>τοιαῦτα.</em></strong></span> <span class='ocrx_word' id='word_1_162' title='bbox 1012 2187 1067 2254; x_wconf 80' lang='grc' dir='ltr'><strong><em>καὶ</em></strong></span> <span class='ocrx_word' id='word_1_163' title='bbox 1089 2193 1124 2254; x_wconf 90' lang='grc' dir='ltr'><strong><em>τί</em></strong></span> <span class='ocrx_word' id='word_1_164' title='bbox 1139 2205 1197 2255; x_wconf 89' lang='grc' dir='ltr'><strong><em>σοι</em></strong></span> 
     </span>
     <span class='ocr_line' id='line_1_20' title="bbox 184 2289 1196 2380; baseline 0 -20"><span class='ocrx_word' id='word_1_165' title='bbox 184 2297 316 2380; x_wconf 81' lang='grc' dir='ltr'><strong><em>ὅφελος;</em></strong></span> <span class='ocrx_word' id='word_1_166' title='bbox 340 2294 402 2360; x_wconf 87' lang='grc' dir='ltr'><strong><em>οὐκ</em></strong></span> <span class='ocrx_word' id='word_1_167' title='bbox 423 2289 516 2372; x_wconf 78' lang='grc' dir='ltr'><strong><em>οἶδας</em></strong></span> <span class='ocrx_word' id='word_1_168' title='bbox 534 2295 584 2360; x_wconf 83' lang='grc' dir='ltr'><strong><em>ὅτι</em></strong></span> <span class='ocrx_word' id='word_1_169' title='bbox 604 2295 684 2361; x_wconf 86' lang='grc' dir='ltr'><strong><em>ὅλον</em></strong></span> <span class='ocrx_word' id='word_1_170' title='bbox 702 2297 739 2361; x_wconf 88' lang='grc' dir='ltr'><strong><em>τὸ</em></strong></span> <span class='ocrx_word' id='word_1_171' title='bbox 758 2298 891 2379; x_wconf 89' lang='grc' dir='ltr'><strong><em>βιβλίον</em></strong></span> <span class='ocrx_word' id='word_1_172' title='bbox 908 2293 1004 2360; x_wconf 84' lang='grc' dir='ltr'><strong><em>πέντε</em></strong></span> <span class='ocrx_word' id='word_1_173' title='bbox 1024 2297 1196 2380; x_wconf 81' lang='grc' dir='ltr'><strong><em>δηναρίων</em></strong></span> 
     </span>
     <span class='ocr_line' id='line_1_21' title="bbox 184 2395 1242 2486; baseline 0.002 -20"><span class='ocrx_word' id='word_1_174' title='bbox 184 2401 287 2481; x_wconf 85' lang='grc' dir='ltr'><strong><em>έστίν;</em></strong></span> <span class='ocrx_word' id='word_1_175' title='bbox 321 2400 339 2467; x_wconf 88' lang='grc' dir='ltr'><strong>ὁ</strong></span> <span class='ocrx_word' id='word_1_176' title='bbox 372 2395 434 2466; x_wconf 85' lang='grc' dir='ltr'><strong><em>οὖν</em></strong></span> <span class='ocrx_word' id='word_1_177' title='bbox 464 2399 681 2486; x_wconf 83' lang='grc' dir='ltr'><strong><em>ἐξηγούμενος</em></strong></span> <span class='ocrx_word' id='word_1_178' title='bbox 713 2402 793 2467; x_wconf 88' lang='grc' dir='ltr'><strong><em>αύτὸ</em></strong></span> <span class='ocrx_word' id='word_1_179' title='bbox 832 2403 925 2467; x_wconf 81' lang='grc' dir='ltr'><strong><em>δοκεῖ</em></strong></span> <span class='ocrx_word' id='word_1_180' title='bbox 955 2402 1005 2467; x_wconf 86' lang='grc' dir='ltr'><strong><em>ὅτι</em></strong></span> <span class='ocrx_word' id='word_1_181' title='bbox 1041 2404 1196 2478; x_wconf 90' lang='grc' dir='ltr'><strong><em>πλείονος</em></strong></span> <span class='ocrx_word' id='word_1_182' title='bbox 1211 2435 1242 2474; x_wconf 77' lang='lat'><strong><em>20</em></strong></span> 
     </span>
    </p>

    <p class='ocr_par' dir='ltr' id='par_1_8' title="bbox 132 2503 1195 2700">
     <span class='ocr_line' id='line_1_22' title="bbox 132 2503 1195 2595; baseline -0.003 -19"><span class='ocrx_word' id='word_1_183' title='bbox 132 2528 164 2576; x_wconf 80' lang='lat'><strong><em>17</em></strong></span> <span class='ocrx_word' id='word_1_184' title='bbox 183 2507 273 2586; x_wconf 86' lang='grc' dir='ltr'><strong><em>ἀξιός</em></strong></span> <span class='ocrx_word' id='word_1_185' title='bbox 296 2507 385 2574; x_wconf 81' lang='grc' dir='ltr'><strong><em>ἐστιν</em></strong></span> <span class='ocrx_word' id='word_1_186' title='bbox 408 2507 428 2592; x_wconf 74' lang='grc' dir='ltr'>ἢ</span> <span class='ocrx_word' id='word_1_187' title='bbox 451 2506 548 2574; x_wconf 84' lang='grc' dir='ltr'><strong><em>πέντε</em></strong></span> <span class='ocrx_word' id='word_1_188' title='bbox 573 2510 755 2595; x_wconf 72' lang='grc' dir='ltr'><strong><em>δηναρίωνς</em></strong></span> <span class='ocrx_word' id='word_1_189' title='bbox 780 2508 942 2593; x_wconf 87' lang='grc' dir='ltr'><strong><em>μηδέποτε</em></strong></span> <span class='ocrx_word' id='word_1_190' title='bbox 966 2503 1028 2573; x_wconf 84' lang='grc' dir='ltr'><strong><em>οὖν</em></strong></span> <span class='ocrx_word' id='word_1_191' title='bbox 1047 2507 1195 2593; x_wconf 82' lang='grc' dir='ltr'><strong><em>ἀλλαχοῦ</em></strong></span> 
     </span>
     <span class='ocr_line' id='line_1_23' title="bbox 183 2615 955 2700; baseline 0.001 -21"><span class='ocrx_word' id='word_1_192' title='bbox 183 2617 220 2680; x_wconf 90' lang='grc' dir='ltr'><strong><em>τὸ</em></strong></span> <span class='ocrx_word' id='word_1_193' title='bbox 244 2616 343 2698; x_wconf 83' lang='grc' dir='ltr'><strong><em>ἔργον</em></strong></span> <span class='ocrx_word' id='word_1_194' title='bbox 368 2619 499 2698; x_wconf 78' lang='grc' dir='ltr'><strong><em>ζητεῖτε,</em></strong></span> <span class='ocrx_word' id='word_1_195' title='bbox 521 2615 666 2700; x_wconf 84' lang='grc' dir='ltr'><strong><em>ἀλλαχοῦ</em></strong></span> <span class='ocrx_word' id='word_1_196' title='bbox 689 2616 751 2700; x_wconf 81' lang='grc' dir='ltr'><strong><em>τὴν</em></strong></span> <span class='ocrx_word' id='word_1_197' title='bbox 774 2617 955 2699; x_wconf 74' lang='grc' dir='ltr'><strong><em>προκοπήν.</em></strong></span> 
     </span>
    </p>

    <p class='ocr_par' dir='ltr' id='par_1_9' title="bbox 134 2716 1198 2809">
     <span class='ocr_line' id='line_1_24' title="bbox 134 2716 1198 2809; baseline -0.004 -19"><span class='ocrx_word' id='word_1_198' title='bbox 134 2740 166 2790; x_wconf 87' lang='lat'><strong><em>18</em></strong></span> <span class='ocrx_word' id='word_1_199' title='bbox 251 2726 327 2786; x_wconf 89' lang='grc' dir='ltr'><strong><em>Ποῦ</em></strong></span> <span class='ocrx_word' id='word_1_200' title='bbox 350 2716 412 2787; x_wconf 85' lang='grc' dir='ltr'><strong><em>οὖν</em></strong></span> <span class='ocrx_word' id='word_1_201' title='bbox 434 2723 600 2809; x_wconf 83' lang='grc' dir='ltr'><strong><em>προκοπη;</em></strong></span> <span class='ocrx_word' id='word_1_202' title='bbox 623 2729 658 2787; x_wconf 85' lang='grc' dir='ltr'><strong><em>εί</em></strong></span> <span class='ocrx_word' id='word_1_203' title='bbox 675 2746 725 2799; x_wconf 93' lang='grc' dir='ltr'><strong><em>τις</em></strong></span> <span class='ocrx_word' id='word_1_204' title='bbox 742 2723 836 2806; x_wconf 85' lang='grc' dir='ltr'><strong><em>ὑμῶν</em></strong></span> <span class='ocrx_word' id='word_1_205' title='bbox 856 2721 999 2797; x_wconf 85' lang='grc' dir='ltr'><strong><em>ἀποστάς</em></strong></span> <span class='ocrx_word' id='word_1_206' title='bbox 1018 2732 1085 2787; x_wconf 90' lang='grc' dir='ltr'><strong><em>τών</em></strong></span> <span class='ocrx_word' id='word_1_207' title='bbox 1105 2719 1198 2798; x_wconf 83' lang='grc' dir='ltr'><strong><em>ἐκτὸς</em></strong></span> 
     </span>
    </p>
   </div>
   <div class='ocr_carea' id='block_1_5' title="bbox 186 2907 1196 3126">
    <p class='ocr_par' dir='ltr' id='par_1_10' title="bbox 186 2907 1196 3126">
     <span class='ocr_line' id='line_1_25' title="bbox 257 2907 1196 2986; baseline 0 -19"><span class='ocrx_word' id='word_1_208' title='bbox 257 2920 290 2968; x_wconf 89' lang='grc'><strong><em>16</em></strong></span> <span class='ocrx_word' id='word_1_209' title='bbox 301 2932 360 2982; x_wconf 87' lang='lat' dir='ltr'>sqq.</span> <span class='ocrx_word' id='word_1_210' title='bbox 381 2913 415 2968; x_wconf 84' lang='lat' dir='ltr'><strong><em>cf.</em></strong></span> <span class='ocrx_word' id='word_1_211' title='bbox 434 2913 521 2969; x_wconf 83' lang='lat' dir='ltr'><strong>Ench.</strong></span> <span class='ocrx_word' id='word_1_212' title='bbox 540 2919 582 2982; x_wconf 81' lang='lat'><strong><em>49,</em></strong></span> <span class='ocrx_word' id='word_1_213' title='bbox 598 2921 626 2968; x_wconf 87' lang='lat'><strong><em>3:</em></strong></span> <span class='ocrx_word' id='word_1_214' title='bbox 647 2918 750 2983; x_wconf 82' lang='grc' dir='ltr'><strong><em>μᾶλλον</em></strong></span> <span class='ocrx_word' id='word_1_215' title='bbox 770 2911 829 2981; x_wconf 79' lang='grc' dir='ltr'><strong><em>οὖν,</em></strong></span> <span class='ocrx_word' id='word_1_216' title='bbox 849 2912 917 2968; x_wconf 80' lang='grc' dir='ltr'><strong><em>ὅταν</em></strong></span> <span class='ocrx_word' id='word_1_217' title='bbox 935 2933 977 2976; x_wconf 84' lang='grc' dir='ltr'><strong><em>τις</em></strong></span> <span class='ocrx_word' id='word_1_218' title='bbox 989 2915 1054 2986; x_wconf 83' lang='grc' dir='ltr'><strong><em>είπη</em></strong></span> <span class='ocrx_word' id='word_1_219' title='bbox 1070 2932 1117 2982; x_wconf 91' lang='grc' dir='ltr'><strong><em>μοι</em></strong></span> <span class='ocrx_word' id='word_1_220' title='bbox 1133 2907 1196 2967; x_wconf 64' lang='grc' dir='ltr'><strong><em>’έπ-</em></strong></span> 
     </span>
     <span class='ocr_line' id='line_1_26' title="bbox 186 2979 1196 3055; baseline 0.001 -17"><span class='ocrx_word' id='word_1_221' title='bbox 186 2983 337 3052; x_wconf 85' lang='grc' dir='ltr'><strong><em>ανάγνωθί</em></strong></span> <span class='ocrx_word' id='word_1_222' title='bbox 353 3004 400 3055; x_wconf 93' lang='grc' dir='ltr'><strong><em>μοι</em></strong></span> <span class='ocrx_word' id='word_1_223' title='bbox 418 2984 604 3054; x_wconf 85' lang='grc' dir='ltr'><strong><em>Χρύσιππον’,</em></strong></span> <span class='ocrx_word' id='word_1_224' title='bbox 625 2979 757 3055; x_wconf 87' lang='grc' dir='ltr'><strong><em>έρνθριώ,</em></strong></span> <span class='ocrx_word' id='word_1_225' title='bbox 781 2983 848 3039; x_wconf 81' lang='grc' dir='ltr'><strong><em>ὅταν</em></strong></span> <span class='ocrx_word' id='word_1_226' title='bbox 868 2983 904 3054; x_wconf 77' lang='grc' dir='ltr'><strong><em>μὴ</em></strong></span> <span class='ocrx_word' id='word_1_227' title='bbox 920 2983 1047 3055; x_wconf 77' lang='grc' dir='ltr'><strong><em>δύνωμαι</em></strong></span> <span class='ocrx_word' id='word_1_228' title='bbox 1062 2984 1144 3054; x_wconf 79' lang='grc' dir='ltr'><strong><em>ὅμοια</em></strong></span> <span class='ocrx_word' id='word_1_229' title='bbox 1158 2984 1196 3039; x_wconf 82' lang='grc' dir='ltr'><strong><em>τά</em></strong></span> 
     </span>
     <span class='ocr_line' id='line_1_27' title="bbox 187 3050 877 3126; baseline 0.001 -17"><span class='ocrx_word' id='word_1_230' title='bbox 187 3054 254 3125; x_wconf 70' lang='grc' dir='ltr'><strong><em>ἔργα</em></strong></span> <span class='ocrx_word' id='word_1_231' title='bbox 273 3057 321 3110; x_wconf 83' lang='grc' dir='ltr'><strong><em>καὶ</em></strong></span> <span class='ocrx_word' id='word_1_232' title='bbox 340 3056 476 3126; x_wconf 85' lang='grc' dir='ltr'><strong><em>σύμφωνα</em></strong></span> <span class='ocrx_word' id='word_1_233' title='bbox 496 3050 684 3110; x_wconf 76' lang='grc' dir='ltr'><strong><em>ἐπιδεικνύειν</em></strong></span> <span class='ocrx_word' id='word_1_234' title='bbox 703 3063 760 3120; x_wconf 82' lang='grc' dir='ltr'><strong><em>τοῖς</em></strong></span> <span class='ocrx_word' id='word_1_235' title='bbox 779 3058 877 3125; x_wconf 88' lang='grc' dir='ltr'><strong><em>λύγοις.</em></strong></span> 
     </span>
    </p>
   </div>
   <div class='ocr_carea' id='block_1_6' title="bbox 258 3230 1198 3305">
    <p class='ocr_par' dir='ltr' id='par_1_11' title="bbox 258 3230 1198 3305">
     <span class='ocr_line' id='line_1_28' title="bbox 258 3230 1198 3305; baseline 0 -18"><span class='ocrx_word' id='word_1_236' title='bbox 258 3240 274 3287; x_wconf 81' lang='grc'>3</span> <span class='ocrx_word' id='word_1_237' title='bbox 292 3231 428 3302; x_wconf 82' lang='grc' dir='ltr'><strong><em>προθέσει</em></strong></span> <span class='ocrx_word' id='word_1_238' title='bbox 447 3233 479 3288; x_wconf 76' lang='lat' dir='ltr'><strong><em>S.-</em></strong></span> <span class='ocrx_word' id='word_1_239' title='bbox 498 3249 564 3289; x_wconf 81' lang='grc' dir='ltr'><strong><em>οων.</em></strong></span> <span class='ocrx_word' id='word_1_240' title='bbox 584 3235 624 3288; x_wconf 84' lang='lat' dir='ltr'><strong><em>ed.</em></strong></span> <span class='ocrx_word' id='word_1_241' title='bbox 642 3235 732 3290; x_wconf 84' lang='grc' dir='ltr'><strong><em>Τνίκο.</em></strong></span> <span class='ocrx_word' id='word_1_242' title='bbox 765 3237 774 3301; x_wconf 72' lang='grc' dir='ltr'><strong><em>η</em></strong></span> <span class='ocrx_word' id='word_1_243' title='bbox 806 3242 822 3288; x_wconf 85' lang='grc'><strong>4</strong></span> <span class='ocrx_word' id='word_1_244' title='bbox 841 3243 945 3304; x_wconf 87' lang='grc' dir='ltr'><strong><em>πρῶτοι</em></strong></span> <span class='ocrx_word' id='word_1_245' title='bbox 964 3230 1006 3305; x_wconf 83' lang='grc' dir='ltr'><strong><em>δ’]</em></strong></span> <span class='ocrx_word' id='word_1_246' title='bbox 1027 3233 1122 3288; x_wconf 83' lang='lat' dir='ltr'><em>malim</em></span> <span class='ocrx_word' id='word_1_247' title='bbox 1147 3252 1198 3287; x_wconf 87' lang='grc' dir='ltr'><strong><em>κυ-</em></strong></span> 
     </span>
    </p>
   </div>
   <div class='ocr_carea' id='block_1_7' title="bbox 187 3300 1294 3396">
    <p class='ocr_par' dir='ltr' id='par_1_12' title="bbox 187 3300 1294 3396">
     <span class='ocr_line' id='line_1_29' title="bbox 187 3300 1294 3396; baseline 0 -38"><span class='ocrx_word' id='word_1_248' title='bbox 187 3305 317 3396; x_wconf 87' lang='grc' dir='ltr'><strong><em>ριώτατοι</em></strong></span> <span class='ocrx_word' id='word_1_249' title='bbox 336 3300 365 3358; x_wconf 83' lang='grc' dir='ltr'><strong><em>δ’</em></strong></span> <span class='ocrx_word' id='word_1_250' title='bbox 398 3307 408 3374; x_wconf 88' lang='grc' dir='ltr'><strong><em>ΙΙ</em></strong></span> <span class='ocrx_word' id='word_1_251' title='bbox 439 3302 506 3358; x_wconf 72' lang='grc' dir='ltr'><strong><em>ὅδὲ</em></strong></span> <span class='ocrx_word' id='word_1_252' title='bbox 526 3321 593 3360; x_wconf 83' lang='lat' dir='ltr'><em>corr.</em></span> <span class='ocrx_word' id='word_1_253' title='bbox 614 3323 632 3361; x_wconf 86' lang='grc' dir='ltr'><strong><em>ιι</em></strong></span> <span class='ocrx_word' id='word_1_254' title='bbox 650 3305 680 3366; x_wconf 67' lang='grc' dir='ltr'><strong><em>δε</em></strong></span> <span class='ocrx_word' id='word_1_255' title='bbox 709 3306 718 3374; x_wconf 85' lang='grc' dir='ltr'><strong><em>ΙΙ</em></strong></span> <span class='ocrx_word' id='word_1_256' title='bbox 750 3304 931 3375; x_wconf 84' lang='grc' dir='ltr'><strong><em>ἀπρύπτωτος</em></strong></span> <span class='ocrx_word' id='word_1_257' title='bbox 949 3305 980 3360; x_wconf 81' lang='lat' dir='ltr'><strong><em>S:</em></strong></span> <span class='ocrx_word' id='word_1_258' title='bbox 1005 3321 1107 3359; x_wconf 59' lang='lat' dir='ltr'><em>coris</em></span> <span class='ocrx_word' id='word_1_259' title='bbox 1138 3305 1147 3372; x_wconf 92' lang='grc' dir='ltr'><strong><em>ΙΙ</em></strong></span> <span class='ocrx_word' id='word_1_260' title='bbox 1181 3311 1197 3358; x_wconf 92' lang='grc'><strong>6</strong></span> <span class='ocrx_word' id='word_1_261' title='bbox 1293 3329 1294 3338; x_wconf 52' lang='lat'>¹</span> 
     </span>
    </p>
   </div>
   <div class='ocr_carea' id='block_1_8' title="bbox 186 3369 1199 3518">
    <p class='ocr_par' dir='ltr' id='par_1_13' title="bbox 186 3369 1199 3518">
     <span class='ocr_line' id='line_1_30' title="bbox 187 3369 1197 3446; baseline -0.001 -17"><span class='ocrx_word' id='word_1_262' title='bbox 187 3397 242 3445; x_wconf 86' lang='grc' dir='ltr'><strong><em>αρα</em></strong></span> <span class='ocrx_word' id='word_1_263' title='bbox 257 3376 291 3440; x_wconf 69' lang='grc'><strong><em>3,·</em></strong></span> <span class='ocrx_word' id='word_1_264' title='bbox 318 3376 433 3443; x_wconf 73' lang='lat' dir='ltr'><strong><em>fortasse</em></strong></span> <span class='ocrx_word' id='word_1_265' title='bbox 451 3369 507 3444; x_wconf 82' lang='grc' dir='ltr'><strong><em>ἀρά</em></strong></span> <span class='ocrx_word' id='word_1_266' title='bbox 525 3395 584 3438; x_wconf 83' lang='grc' dir='ltr'><strong><em>πως</em></strong></span> <span class='ocrx_word' id='word_1_267' title='bbox 601 3378 772 3432; x_wconf 70' lang='grc' dir='ltr'><strong><em>οωτοεκάιακ</em></strong></span> <span class='ocrx_word' id='word_1_268' title='bbox 808 3380 817 3446; x_wconf 76' lang='lat' dir='ltr'>ss</span> <span class='ocrx_word' id='word_1_269' title='bbox 853 3383 868 3430; x_wconf 79' lang='grc'><strong>7</strong></span> <span class='ocrx_word' id='word_1_270' title='bbox 880 3393 940 3444; x_wconf 77' lang='grc' dir='ltr'><strong><em>τοο.</em></strong></span> <span class='ocrx_word' id='word_1_271' title='bbox 961 3383 1025 3445; x_wconf 76' lang='lat' dir='ltr'><strong><em>post</em></strong></span> <span class='ocrx_word' id='word_1_272' title='bbox 1047 3374 1197 3446; x_wconf 83' lang='grc' dir='ltr'><strong><em>προκοπήν</em></strong></span> 
     </span>
     <span class='ocr_line' id='line_1_31' title="bbox 186 3447 1199 3518; baseline 0 -16"><span class='ocrx_word' id='word_1_273' title='bbox 186 3449 295 3517; x_wconf 77' lang='lat' dir='ltr'><em>aliquid</em></span> <span class='ocrx_word' id='word_1_274' title='bbox 313 3449 443 3502; x_wconf 75' lang='lat' dir='ltr'><em>excidisse</em></span> <span class='ocrx_word' id='word_1_275' title='bbox 456 3448 564 3502; x_wconf 73' lang='lat' dir='ltr'><em>videtur</em></span> <span class='ocrx_word' id='word_1_276' title='bbox 595 3452 604 3516; x_wconf 74' lang='grc' dir='ltr'><strong><em>λ</em></strong></span> <span class='ocrx_word' id='word_1_277' title='bbox 638 3455 670 3502; x_wconf 92' lang='grc'><strong><em>10</em></strong></span> <span class='ocrx_word' id='word_1_278' title='bbox 685 3447 811 3518; x_wconf 84' lang='grc' dir='ltr'><strong><em>άλτήρων</em></strong></span> <span class='ocrx_word' id='word_1_279' title='bbox 829 3450 887 3512; x_wconf 81' lang='lat' dir='ltr'><em>(sed</em></span> <span class='ocrx_word' id='word_1_280' title='bbox 901 3447 935 3501; x_wconf 84' lang='grc' dir='ltr'><strong><em>ἀλ</em></strong></span> <span class='ocrx_word' id='word_1_281' title='bbox 948 3449 980 3502; x_wconf 75' lang='lat' dir='ltr'><strong><em>iii</em></strong></span> <span class='ocrx_word' id='word_1_282' title='bbox 993 3463 1094 3502; x_wconf 79' lang='grc' dir='ltr'><strong><em>νοεακα</em></strong></span> <span class='ocrx_word' id='word_1_283' title='bbox 1112 3448 1199 3502; x_wconf 78' lang='lat' dir='ltr'><em>trium</em></span> 
     </span>
    </p>
   </div>
   <div class='ocr_carea' id='block_1_9' title="bbox 187 3515 1293 3590">
    <p class='ocr_par' dir='ltr' id='par_1_14' title="bbox 187 3515 1293 3590">
     <span class='ocr_line' id='line_1_32' title="bbox 187 3515 1293 3590; baseline -0.002 -14"><span class='ocrx_word' id='word_1_284' title='bbox 187 3520 239 3576; x_wconf 79' lang='lat' dir='ltr'><em>iiii.</em></span> <span class='ocrx_word' id='word_1_285' title='bbox 260 3537 278 3572; x_wconf 90' lang='grc' dir='ltr'><strong><em>ο</em></strong></span> <span class='ocrx_word' id='word_1_286' title='bbox 296 3518 338 3586; x_wconf 69' lang='grc' dir='ltr'><strong><em>δι)</em></strong></span> <span class='ocrx_word' id='word_1_287' title='bbox 375 3520 384 3587; x_wconf 88' lang='grc' dir='ltr'><strong><em>ΙΙ</em></strong></span> <span class='ocrx_word' id='word_1_288' title='bbox 421 3523 454 3572; x_wconf 84' lang='grc'><strong><em>14</em></strong></span> <span class='ocrx_word' id='word_1_289' title='bbox 474 3515 630 3590; x_wconf 76' lang='grc' dir='ltr'><strong><em>ἐπιβάλλεις</em></strong></span> <span class='ocrx_word' id='word_1_290' title='bbox 648 3519 680 3574; x_wconf 77' lang='lat' dir='ltr'><strong><em>S.-</em></strong></span> <span class='ocrx_word' id='word_1_291' title='bbox 702 3536 770 3575; x_wconf 81' lang='grc' dir='ltr'><strong><em>οοιν.</em></strong></span> <span class='ocrx_word' id='word_1_292' title='bbox 795 3518 879 3575; x_wconf 76' lang='grc' dir='ltr'><strong><em>βολιυ.</em></strong></span> <span class='ocrx_word' id='word_1_293' title='bbox 916 3522 925 3588; x_wconf 85' lang='grc' dir='ltr'><strong><em>ΙΙ</em></strong></span> <span class='ocrx_word' id='word_1_294' title='bbox 961 3519 1146 3587; x_wconf 83' lang='grc' dir='ltr'><strong><em>προστίθεται</em></strong></span> <span class='ocrx_word' id='word_1_295' title='bbox 1165 3518 1199 3574; x_wconf 82' lang='lat' dir='ltr'><strong><em>S.-</em></strong></span> <span class='ocrx_word' id='word_1_296' title='bbox 1292 3583 1293 3588; x_wconf 8' lang='grc' dir='ltr'><strong><em>χ</em></strong></span> 
     </span>
    </p>
   </div>
   <div class='ocr_carea' id='block_1_10' title="bbox 187 3587 791 3662">
    <p class='ocr_par' dir='ltr' id='par_1_15' title="bbox 187 3587 791 3662">
     <span class='ocr_line' id='line_1_33' title="bbox 187 3587 791 3662; baseline 0 -17"><span class='ocrx_word' id='word_1_297' title='bbox 187 3607 254 3646; x_wconf 78' lang='grc' dir='ltr'><strong><em>τοτε.</em></strong></span> <span class='ocrx_word' id='word_1_298' title='bbox 275 3589 428 3646; x_wconf 78' lang='lat' dir='ltr'><em>Salmasius</em></span> <span class='ocrx_word' id='word_1_299' title='bbox 458 3592 467 3659; x_wconf 78' lang='lat' dir='ltr'>ss</span> <span class='ocrx_word' id='word_1_300' title='bbox 499 3596 533 3644; x_wconf 78' lang='lat'><strong><em>23</em></strong></span> <span class='ocrx_word' id='word_1_301' title='bbox 553 3587 613 3662; x_wconf 79' lang='grc' dir='ltr'><strong><em>&lt;ἡ&gt;</em></strong></span> <span class='ocrx_word' id='word_1_302' title='bbox 631 3589 760 3660; x_wconf 85' lang='grc' dir='ltr'><strong><em>προκοπή</em></strong></span> <span class='ocrx_word' id='word_1_303' title='bbox 778 3607 791 3645; x_wconf 85' lang='grc' dir='ltr'><strong><em>ε</em></strong></span> 
     </span>
    </p>
   </div>
   <div class='ocr_carea' id='block_1_11' title="bbox 0 0 1321 3928">
    <p class='ocr_par' dir='ltr' id='par_1_16' title="bbox 0 0 1321 3928">
     <span class='ocr_line' id='line_1_34' title="bbox 0 0 1321 3928; baseline 0 0"><span class='ocrx_word' id='word_1_304' title='bbox 0 0 1321 3928; x_wconf 95' lang='lat' dir='ltr'><strong><em> </em></strong></span> 
     </span>
    </p>
   </div>
  </div>
 </body>
</html>
