2630 3928
180 161 222 224 12
323 161 507 217 ΑΡΡῙΑΝΟΤ
524 162 599 216 ΤΩΝ
619 163 834 215 ΕΠΙΚΤΗΤΟΤ
852 162 1049 226 ΔΙΑΤΡΙΒΩΝἸ

177 325 214 389 τὸ
247 320 345 409 μέρος
375 321 431 390 καὶ
462 325 509 389 ἔτι
539 325 587 400 εἰς
618 324 803 408 γυμνάσιον
834 323 1091 411 προερχόμεθα;’
1123 322 1188 409 οὐχ

125 447 158 496 26
177 427 369 514 ὑπέμεινεν,
399 428 476 494 ἀλλ”
498 429 737 516 ἐγκαρτερήσας
763 429 940 497 ἀπέθανεν.
989 429 1188 514 πυθομένου

178 535 218 601 δέ
233 560 324 614 τινος
343 537 423 614 επως
440 548 538 604 τοῦτο
558 536 727 622 ἐποίησενς
751 539 795 616 ὡς
814 538 960 624 ἀθλητής
982 538 1003 622 ή
1029 539 1073 614 ὡς
1091 541 1189 623 φιλύ-
1271 588 1280 604 .
1302 563 1303 600 ι

178 641 307 728 σοφος;’
331 640 426 727 <Ὡς>
450 643 545 730 ἀνήρ,
576 647 654 730 ἔφη,
684 644 768 730 ἀνήρ
793 641 823 709 δ’
846 641 1007 727 Ὀλύμπια
1029 667 1190 730 κεκηρυγ-
1298 657 1303 730 ή

177 746 276 834 μένος
307 747 362 814 καλ
393 749 638 835 ἠγωνισμένος,
676 750 712 817 ἐν
744 753 879 837 τοιαύτη
911 749 978 816 τινὶ
1008 753 1098 839 χώρᾳ
1129 750 1190 816 άν-
1222 772 1240 812 5

124 873 157 921 τι
178 855 410 944 εστραμμένος,
429 856 504 943 οὐχὶ
522 859 610 944 παρὰ
628 867 673 945 τῷ
689 858 821 923 Βάτωνι
839 857 1064 943 ἀλειφόμενος.
1088 858 1190 934 ἀλλος

177 960 215 1028 δὲ
237 963 300 1029 κάν
322 966 382 1031 τὸν
404 965 568 1051 τράχηλον
591 964 780 1049 ἀπετμήθη,
809 966 839 1030 εἰ
862 967 920 1048 ζῆν
942 965 1087 1049 ἠδύνατο
1111 965 1188 1050 δίχα

125 1086 159 1136 28
178 1079 238 1135 τοῦ
276 1073 448 1156 τραχήλου.
507 1073 661 1136 τοιοῦτόν
699 1069 767 1136 ἐστι
803 1073 841 1136 τὸ
877 1071 958 1135 κατά
994 1072 1189 1156 πρόσωπον·

178 1175 283 1252 οὕτως
306 1178 444 1262 ἰσχυρὸν
467 1177 555 1262 παρά
578 1187 647 1254 τοῖς
676 1174 879 1261 εἰθισμένοις
907 1175 987 1242 αὐτὸ
1016 1175 1190 1261 συνεισφέ-

124 1299 158 1348 29
178 1305 249 1367 ρειν
272 1280 305 1359 έξ
329 1281 439 1347 αὐτῶν
462 1281 500 1348 έν
522 1295 593 1359 ταῖς
611 1282 776 1361 σκέψεσιν.
822 1281 897 1365 ’άγε
921 1277 994 1366 οὖν,
1012 1280 1190 1366 Ἐπίκτητε,
1207 1303 1239 1342 ιο

178 1386 393 1473 διαξύρησαι.’
439 1388 482 1454 ἀν
510 1384 759 1475 ὦφιλόσοφος,
787 1387 872 1473 λέγω
906 1389 947 1454 ού
976 1388 1191 1476 διαξυρῶμαι.

179 1490 266 1559 ξἀλλ’
286 1493 397 1579 άφελῶ
417 1512 479 1562 σου
499 1497 558 1562 τὸν
576 1496 763 1582 τράχηλον.’
791 1502 826 1561 εἰ
840 1512 894 1561 σοι
912 1496 1060 1580 άμεινον,
1078 1497 1190 1581 ἄφελε.

124 1618 158 1667 30
240 1598 403 1666 Ἐπύθετό
433 1624 484 1679 τις
511 1601 635 1667 ’πόθεν
667 1597 730 1668 οὖν
753 1604 986 1687 αλσθησόμεθα
1016 1611 1076 1668 τοῦ
1107 1603 1191 1668 κατὰ
1289 1651 1295 1662 .

52 1741 54 1747 ·
177 1710 357 1794 πρόσωπον
370 1706 532 1786 έκαστος;’
547 1746 589 1754 -
606 1711 724 1774 Πόθεν
738 1706 768 1773 δ’
787 1709 953 1793 ὁταῦρος,
967 1710 1042 1793 ἔφη,
1056 1707 1190 1786 λέοντος
1303 1751 1304 1782 ι

178 1813 378 1892 ἐπελθόντος
400 1813 507 1899 λμόνος
536 1814 730 1880 αἰσθάνεται
760 1824 818 1899 τῆς
845 1815 948 1881 αὐτοῦ
979 1824 1190 1902 παρασκευῆς
1205 1835 1235 1876 15
1302 1867 1304 1934 χ

54 1929 58 1936 ’
177 1917 231 1984 καὶ
263 1918 489 2005 προβέβληκεν
520 1917 640 1986 ἑαυτὸν
670 1917 753 2006 ὑπὲρ
783 1931 841 2005 τῆς
870 1920 989 2006 ἀγέλης
1015 1923 1134 2006 πάσης;
1166 1922 1189 2006 ἢ
1295 1957 1299 1968 =

178 2027 282 2110 δῆλον
304 2025 354 2090 ὅτι
373 2026 477 2103 εὐθὺς
495 2027 561 2111 άμα
579 2035 624 2114 τῷ
643 2028 705 2110 τήν
724 2029 936 2112 παρασκευήν
955 2030 1042 2114 ἔχειν
1061 2027 1191 2116 ἀπαντᾷ

124 2150 157 2198 31
177 2129 232 2197 καὶ
266 2135 486 2215 συναίσθησις
519 2133 627 2217 αὐτῆς.
672 2131 727 2198 καὶ
759 2132 853 2218 ήμῶν
885 2137 1001 2200 τοίνυν
1031 2135 1120 2211 ὅστις
1147 2133 1191 2199 άν

124 2256 157 2304 32
178 2240 235 2324 ἔχη
258 2239 414 2324 τοιαύτην
436 2243 660 2325 παρασκευήν,
683 2240 744 2305 οὐκ
767 2238 923 2324 ἀγνοήσει
945 2241 1058 2325 αὐτήν.
1091 2243 1187 2326 άφνω

179 2341 217 2410 δέ
237 2337 360 2430 ταῦρος
387 2345 428 2410 ού
455 2349 581 2428 γίνεται
604 2343 683 2412 οὐδὲ
706 2357 860 2429 γενναῖος
881 2348 1075 2432 ἅνθρωπος,
1104 2345 1188 2412 άλλά
1203 2367 1234 2408 ιο

178 2453 231 2516 δεῖ
250 2461 480 2536 χειμασκήσαι,
507 2454 825 2537 παρασκευάσασθαι
848 2450 903 2518 καὶ
926 2454 970 2537 μή
994 2456 1064 2540 εόκή
1087 2470 1189 2537 προσ·
1304 2503 1305 2542 χ

177 2560 287 2643 πηδᾶν
310 2555 364 2624 ἐπὶ
387 2559 426 2624 τά
449 2556 554 2644 μηδὲν
576 2560 795 2646 προσήκοντα.
1301 2581 1305 2668 χ

125 2681 158 2730 33
245 2667 367 2732 Μόνον
394 2663 527 2750 σκέψαι,
556 2669 663 2732 πόσου
691 2671 811 2743 πωλεῖς
842 2666 904 2750 τήν
936 2676 1076 2732 σεαυτοῦ
1108 2689 1189 2753 προ-
1302 2733 1305 2770 χ

178 2775 323 2854 αίρεσιν,
350 2772 517 2858 ἄνθρωπε.
562 2775 594 2837 εἰ
619 2767 724 2857 μηδὲν
751 2773 849 2855 ἀλλο,
876 2773 920 2857 μή
944 2772 1060 2857 ὀλίγον
1083 2773 1188 2858 αὐτήν
1304 2775 1305 2778 ’

177 2879 341 2964 πωλήσης.
395 2879 433 2942 τὸ
470 2874 508 2942 δὲ
544 2877 627 2962 μέγα
663 2876 718 2944 καὶ
755 2877 922 2965 ἐξαίρετον
957 2881 1071 2956 άλλοις
1106 2881 1187 2966 τάχα
1202 2899 1230 2938 2⁵

125 3001 159 3050 34
177 2985 346 3067 προσήκει,
360 2983 530 3069 Σωκράτει
544 2982 599 3049 καὶ
613 2997 681 3062 τοῖς
694 2985 866 3062 τοιούτοις.
881 3022 924 3032 -
939 2985 1007 3050 Διά
1020 2989 1056 3052 τί
1067 2981 1139 3070 οὖν,
1158 2990 1190 3051 εί

177 3091 260 3176 πρὸς
282 3100 379 3156 τοῦτο
402 3091 610 3175 πεφύκαμεν,
639 3091 679 3156 ού
706 3091 827 3168 πάντες
849 3090 869 3175 ή
896 3090 1015 3158 πολλοὶ
1036 3095 1186 3176 γίνονται

177 3205 337 3274 τοιούτοις
348 3193 503 3261 -Ἵπποι
512 3197 575 3282 γάρ
590 3198 685 3275 ὠκεῖς
694 3198 834 3273 ἅπαντες
842 3201 1005 3282 γίνονται,
1018 3199 1115 3275 κύνες
1124 3199 1186 3283 γάρ

251 3395 264 3443 1
284 3389 487 3460 προερχόμεθα
502 3389 533 3449 ἃ,
561 3392 571 3459 ΙΙ
594 3398 610 3444 4
625 3388 704 3463 (aas)
718 3391 810 3445 φιλάε
831 3393 840 3458 Ι]
864 3396 879 3444 6
896 3389 981 3462 βάτωι
995 3391 1027 3446 S:
1042 3407 1110 3446 οονν.
1122 3390 1186 3445 Sca-

178 3462 245 3532 liyer
267 3463 277 3531 ΙΙ
300 3468 315 3515 7
335 3460 366 3515 δὲ
384 3463 437 3516 im.
456 3459 527 3516 Sm.
544 3479 589 3531 pr.
612 3464 621 3525 ΙΙ
644 3459 676 3516 δὲ
695 3461 744 3514 καὶ
761 3463 803 3516 vel
821 3461 852 3516 δὲ
867 3459 903 3514 ἀν
922 3461 970 3516 καὶ
988 3478 1002 3516 3
1023 3463 1033 3530 ΙΙ
1056 3459 1186 3516 εἰδύνατο
1304 3509 1305 3524 ,

177 3533 210 3588 S.-
229 3549 297 3588 corr.
317 3531 348 3594 Sa
375 3535 385 3601 ΙΙ
415 3538 448 3587 10
467 3526 590 3598 ἐξαιτῶν
607 3533 641 3588 S.-
659 3549 728 3588 corr.
746 3549 760 3586 s
782 3536 791 3600 λ
813 3537 845 3586 21
865 3534 1016 3601 προπηδᾶν
1035 3533 1188 3588 Salmasius
