2650 3930
147 193 191 249 (11,
206 197 239 248 εε,
254 191 344 243 ιεηει)
424 182 578 236 ΒΙΒΔΙΟΝ
596 183 796 237 ΔΕΤΤΕΡΟΝ.
821 181 879 254 ιβ’.
1098 183 1163 250 189

146 343 361 428 ἡγεμονικόν·
385 341 545 429 ἀβίβαιόν
572 341 679 427 ἐστιν,
705 344 853 428 ἄκριτον,
880 341 999 410 ἄλλοθ’
1025 342 1081 412 ὑπ’
1108 347 1165 412 ἀλ-

147 455 209 534 λης
230 452 415 534 φαντασίας
436 450 633 534 νικώμενον.
678 445 751 516 ἀλλ’
778 448 931 528 ἐξέτασον
954 451 999 534 μη
1021 447 1119 518 ταῦθ’
1143 451 1217 519 δίκε

148 557 185 622 ολ
205 557 318 638 ἄλλοι,
346 557 378 622 εί
409 554 445 622 ἐκ
474 566 541 622 τῶν
569 555 680 622 αὐτῶν
708 553 837 638 γονέων
859 553 915 622 καὶ
942 555 1027 641 ὁμοῦ
1050 555 1165 624 ἀνατε-

148 659 339 747 θραμμένοι
361 658 417 728 καὶ
439 662 504 728 ὑπὸ
527 671 573 750 τῷ
596 661 685 749 αὐτῷ
713 662 931 749 παιδαγωγῷ,
957 659 1030 728 ἀλλ’
1058 661 1164 731 ίκελνο

118 789 133 830 ι
149 771 268 854 μόνον,
285 778 352 835 ποῦ
369 769 407 834 τὸ
421 765 595 855 συμφέρον
609 767 723 846 αὐτοῖς
738 771 899 852 τίθενται,
917 771 1060 854 πότερον
1074 769 1166 847 ἐκτὸς

149 875 170 960 ἣ
195 873 232 942 ἐν
254 872 454 961 προαιρέσει.
500 873 542 940 ἂν
566 872 670 958 ἐκτός,
692 874 736 959 μὴ
761 880 854 960 είπης
876 877 997 958 φίλους
1019 875 1061 940 οὐ
1083 881 1164 960 μᾶλ-
1183 893 1217 942 ει

122 999 125 1004 ·
148 987 210 1047 λον
232 981 254 1066 ἢ
275 983 413 1058 πιστοὺς
430 980 451 1065 ἦ
469 984 626 1065 βεβαίους
643 980 664 1066 ἢ
682 979 892 1067 θαρραλέους
910 980 931 1066 ἣ
950 978 1164 1066 ἐλευθέρους,

149 1086 234 1154 ἀλλὰ
256 1083 334 1171 μηδ’
360 1085 574 1173 ἀνθρώπους,
597 1089 628 1152 εί
648 1097 733 1153 νοῦν
752 1089 844 1172 ἔχεις.
889 1087 931 1154 οὐ
948 1088 1013 1174 γὰρ
1031 1087 1165 1174 ἀνθρα-
1183 1104 1218 1153 νε

149 1196 248 1260 πικὸν
281 1194 388 1276 δόγμα
421 1191 491 1260 ἐστὶ
521 1195 559 1260 τὸ
591 1202 712 1260 ποιοῦν
745 1193 881 1260 δάκνειν
912 1192 1079 1278 ἀλλήλους
1110 1192 1165 1260 καὶ

106 1319 137 1360 ιο
150 1301 380 1387 λοιδορεῖσθαι
410 1297 466 1366 καὶ
497 1299 555 1376 τὰς
586 1298 722 1385 ἐρημίας
758 1299 1024 1385 καταλαμβάνειν
1055 1298 1076 1382 ἣ
1108 1300 1166 1376 τὰς

150 1403 275 1492 ἀγορὰς
291 1405 314 1488 †
328 1405 373 1482 ὡς
389 1405 430 1472 τὰ
450 1406 510 1491 όρη
529 1402 585 1472 καὶ
599 1404 636 1472 όν
649 1416 719 1482 τοῖς
733 1406 956 1491 δικαστηρίοις
970 1404 1165 1472 ἀποδείκνυ-

150 1517 233 1577 σθαι
259 1513 300 1578 τδι
327 1516 470 1598 ληστθν·
504 1507 584 1578 οὐδὲ
615 1514 653 1578 τὸ
685 1510 837 1597 ἀκρατεῖς
863 1510 918 1577 καὶ
946 1513 1083 1596 μοιχοὺς
1109 1508 1165 1578 καὶ

151 1624 293 1703 φθορεῑς
321 1615 587 1702 ἀπεργαζόμενον
617 1613 689 1682 οὐδ’
721 1615 771 1684 δυ’
802 1619 886 1682 ἀλλα
915 1620 1165 1701 πλημμελοῦσιν

151 1725 329 1810 ἅνθρωποι
346 1721 417 1789 κατ’
438 1722 592 1807 ἀλλήλων
610 1719 654 1788 δι’
677 1723 715 1788 ἓν
732 1720 788 1788 καὶ
806 1726 912 1807 μόνον
928 1731 1026 1790 τοῦτο
1045 1723 1165 1808 δόγμα,

110 1848 138 1889 ιι
151 1831 190 1896 τὸ
213 1827 250 1896 ἐν
272 1839 342 1906 τοῖς
364 1825 593 1914 ἀπροαιρέτοις
618 1831 777 1894 τίθεσθαι
805 1827 927 1905 αὑτοὺς
949 1826 1004 1894 καὶ
1026 1829 1066 1894 τὰ
1090 1825 1165 1894 ἑαυ-

148 1947 226 2002 τῶν.
271 1933 314 2002 δν
337 1931 367 2002 δ
393 1933 548 2022 ἀκούσης,
567 1929 621 2002 δτι
644 1946 716 2012 ταῖς
738 1933 912 2020 ἀληθείαις
933 1929 1028 2003 οὗτοι
1051 1935 1086 1999 οί
1106 1935 1165 2002 ἀν·
1183 1951 1217 2001 29

147 2049 283 2125 θρυποι
302 2039 372 2108 ἐκεί
386 2043 492 2124 μόνον
511 2047 639 2108 οίονται
657 2043 695 2107 τὸ
714 2040 845 2125 ἀγαθὸν
859 2040 944 2108 ὅπου
962 2042 1165 2126 προαίρεσις,

149 2147 238 2214 ὄτταν
254 2155 370 2233 χρῆσις
388 2146 475 2233 ὀρθὴ
493 2157 696 2232 φαντασιῶν,
714 2144 828 2232 μηκέτι
841 2149 1166 2234 πολυπραγμονησης

151 2249 225 2338 μήτ’
254 2255 285 2318 εί
305 2253 379 2330 υίὸς
400 2250 456 2320 καὶ
478 2255 584 2338 πατήρ
615 2251 684 2320 ἐστι
711 2249 785 2337 μήτ’
812 2255 844 2318 εί
864 2251 1004 2338 ἀδελφοὶ
1034 2249 1108 2338 μήτ’
1135 2255 1166 2320 εί

107 2378 136 2420 εο
150 2361 260 2426 πολὺν
277 2361 402 2444 χρόνον
417 2361 716 2443 συμπεφοιτηκότες
732 2357 788 2424 καὶ
802 2356 938 2444 ἑταῖροι,
956 2357 1040 2423 ἀλλὰ
1059 2361 1164 2442 μόνον

151 2464 233 2532 αὐτὸ
247 2473 345 2531 τοῦτο
363 2467 466 2548 γνοὺς
482 2471 622 2552 θαρρῶν
641 2463 841 2551 ἀποφαίνου,
859 2463 910 2529 ὅτι
929 2467 1035 2548 φίλοι,
1055 2463 1164 2550 ὥσπερ

152 2571 203 2638 ότι
230 2573 357 2654 πιστοί,
384 2569 435 2636 ὅτι
464 2571 596 2636 δίκαιοι.
646 2579 714 2638 τοῦ
744 2572 810 2658 γὰρ
839 2570 1003 2655 ἀλλαχοῦ.
1018 2571 1113 2655 φιλία
1140 2568 1216 2654 ἣεο

152 2677 239 2744 ὅπου
261 2679 382 2760 πίστις,
404 2676 489 2744 ὅπου
512 2677 626 2762 αἰδώς,
650 2677 736 2744 ὅπου
759 2678 853 2754 δόσις
874 2686 936 2742 τοῦ
958 2681 1073 2760 καλοῦ,
1098 2687 1165 2744 τῶν

152 2779 183 2848 δ’
210 2783 321 2850 ἀλλων
345 2782 496 2862 οόιδενόςς

108 2907 138 2950 ιι
219 2886 329 2955 ε’Λλλδ
360 2887 585 2977 τεθεραπευκί
614 2913 654 2975 με
685 2890 832 2979 τοσοότφ
864 2891 988 2978 χρόνῳ·
1019 2887 1075 2956 καὶ
1103 2889 1165 2956 οὐκ
1183 2905 1217 2956 31

224 3087 283 3150 4sq
304 3081 361 3139 .cf.
375 3080 462 3136 Ench.
474 3088 516 3150 31,
527 3087 556 3137 2:
576 3080 663 3143 ἀλλος
680 3100 711 3136 τε
730 3082 763 3136 οά
799 3077 861 3136 οἷόν
879 3099 908 3136 τε
926 3088 1008 3135 τοῦτο
1022 3081 1163 3150 γίνεσθαι,

152 3145 204 3206 ἐὰν
223 3151 260 3222 μὴ
279 3099 350 3224 ἀρης
367 3152 424 3208 ἀπὸ
443 3160 498 3207 τῶν
517 3154 569 3208 οάκ
587 3146 635 3222 ἐφ’
651 3151 719 3223 ἡμῖν
733 3101 782 3208 καλ
801 3147 832 3206 ἕν
850 3157 908 3214 τοῖς
922 3146 970 3220 ἐφ’
986 3150 1053 3221 ἡμῖν
1068 3149 1164 3221 μόνοις

151 3227 209 3294 θῇς
226 3222 258 3278 τὸ
277 3223 390 3292 ἀγαθὸν
409 3223 507 3278 καὶτὸ
526 3223 624 3280 κακόν.

224 3397 706 3457 1ἀλλατέε2ταῦτ’8.·οοιν.ε
736 3403 746 3471 ss
778 3397 1165 3458 11ίοεααιίαααιοεκιαεεεε

150 3475 221 3528 reete
243 3473 328 3526 απελτ
351 3471 457 3542 Πμίοκς
484 3473 657 3528 desiderum
683 3473 794 3528 υαδαυι
820 3473 901 3542 quale
927 3477 966 3528 εει
987 3469 1037 3533 τὰς
1060 3469 1165 3540 ἀγορὰς

151 3540 376 3613 (κατατρέχειν)
406 3545 417 3612 ΙΙ
450 3548 481 3598 15
501 3542 604 3606 αότοδς
622 3543 655 3601 S:
673 3559 774 3600 eorm
