2608 3928
193 192 260 256 406
366 195 398 248 Δ.
426 194 744 246 DISSEBTATIONUM
762 194 1042 246 EPICTETEARUM

265 351 307 406 De
326 351 450 420 quinque
474 352 635 422 eclogarum
653 368 726 420 quae
750 354 906 420 sequuntur
923 351 1058 405 lemmate
1085 350 1121 404 of.
1140 365 1212 418 quae

194 424 260 492 pont
279 421 575 493 Schweighaeuserum
595 422 724 492 aliosque
744 422 875 493 exposuit
891 421 993 476 Aemus
1012 440 1040 492 p.
1056 427 1090 476 41
1102 438 1164 491 sqq.

553 620 603 686 IV
625 618 746 708 (Sehw.
773 621 860 707 169).
1152 619 1216 684 FP

197 747 357 831 Ρούφου
381 746 421 812 ε’κ
444 757 521 812 τῶν
540 743 770 829 Ἐπικτήτου
791 743 881 830 περὶ
903 747 1045 830 φιλίας.

130 954 136 964 ,
266 893 341 955 Τῶν
355 892 463 956 ὄντων
476 891 516 954 τὰ
534 884 596 974 μὲν
616 883 669 973 ἐφ’
684 888 766 973 ἡμῖν
782 892 877 954 ἔθετο
895 887 913 954 δ
932 890 1023 969 θεός,
1042 887 1083 951 τὰ
1103 883 1135 951 δ’
1156 887 1216 951 οὐκ

133 974 137 1041 s
194 993 245 1081 ἐφ’
264 995 353 1080 ἡμῖν.
389 991 441 1080 ἐφ’
463 994 544 1079 ἡμίν
567 991 628 1078 μὲν
651 995 688 1060 τὸ
711 993 889 1058 κάλλιστον
911 990 967 1058 καί
992 994 1216 1080 σπουδαιότα-

133 1185 136 1195 Ι
193 1125 264 1185 τον,
281 1095 308 1189 ᾧ
323 1102 365 1185 δὴ
381 1099 436 1165 καὶ
451 1100 550 1178 αὐτὸς
563 1100 731 1184 εὐδαίμων
745 1099 825 1183 ἐστί,
838 1100 900 1183 τὴν
913 1108 1034 1186 χρῆσιν
1047 1110 1116 1164 τῶν
1129 1124 1217 1184 φαν-

134 1238 136 1246 ’
194 1218 327 1273 τασιῶν.
368 1215 466 1272 τοῦτο
481 1207 544 1292 γὰρ
564 1207 676 1292 ὀρθῶς
695 1209 895 1291 γιγνόμενον
914 1204 1090 1292 ἐλευθερία
1109 1206 1216 1290 ἐστίν,
1237 1225 1246 1264 ⁵

197 1314 330 1398 εὔροια,
357 1312 518 1398 εὐθυμία,
547 1313 744 1396 εὐστάθεια,
773 1322 871 1379 τοῦτο
896 1308 932 1378 δὲ
955 1311 1010 1377 καὶ
1038 1313 1115 1397 δίκη
1147 1312 1217 1380 ἐστὶ

195 1415 251 1483 καὶ
283 1422 387 1504 νόμος
418 1415 473 1484 καὶ
506 1421 707 1504 σωφροσύνη
736 1417 791 1485 καί
827 1418 980 1504 ξύμπασα
1013 1417 1122 1503 ἀρετή.
1179 1423 1217 1486 τὰ

198 1523 229 1590 δ’
255 1525 339 1590 ὀίλλα
362 1524 469 1590 πάντα
498 1524 560 1592 ούκ
588 1519 641 1610 ἐφ’
666 1525 747 1609 ἡμῖν
778 1525 962 1610 ἐποιήσατο.
1008 1524 1135 1591 οὐκοῦν
1162 1525 1216 1592 καὶ

196 1632 281 1716 ἡμᾶς
304 1627 505 1717 συμψήφους
523 1633 585 1718 χρὴ
604 1640 650 1719 τῷ
668 1638 738 1720 θεῷ
756 1631 916 1715 γενέσθαι
938 1629 994 1696 καὶ
1017 1633 1121 1718 ταύτῃ
1148 1635 1215 1699 διε-

196 1742 314 1816 λόντας
336 1739 376 1804 τὰ
397 1740 572 1825 πράγματα
594 1749 662 1804 τῶν
685 1735 747 1823 μὲν
770 1736 822 1824 ἐφ’
850 1737 930 1823 ἡμῖν
954 1737 1063 1803 πάντα
1084 1742 1215 1825 τρόπον
1227 1756 1245 1796 1⁰

194 1845 450 1928 ἀντιποιεῖσθαι,
474 1847 514 1911 τὰ
534 1841 571 1910 δὲ
589 1847 634 1930 μὴ
653 1842 706 1930 ἐφ’
727 1845 808 1930 ἡμῖν
830 1843 1002 1931 ἐπιτρέψαι
1025 1855 1070 1932 τῷ
1096 1849 1214 1936 κύσμφ
1282 1853 1283 1937 λ

194 1954 266 2034 καί,
293 1957 357 2016 εἴτε
386 1963 453 2016 τῶν
481 1953 611 2018 παίδων
640 1951 748 2018 δέοιτο
782 1958 846 2017 εἴτε
872 1960 930 2035 τῆς
956 1952 1116 2034 πατρίδος
1147 1961 1214 2019 είτε

194 2056 344 2140 σώματος
367 2063 431 2121 είτε
455 2057 611 2143 ὁτουοῦν,
633 2057 798 2143 ἀσμένους
819 2069 1039 2144 παραχωρεῖν.

266 2201 352 2263 lsqq.
371 2195 394 2264 Ι,
413 2201 438 2263 1,
459 2203 482 2251 7.
509 2227 539 2237 -
566 2203 653 2265 Ssqq.
672 2197 693 2264 1,
716 2203 756 2263 12,
775 2202 818 2252 24.
845 2229 876 2238 —
901 2195 1119 2266 9(συμφήφους
1142 2203 1212 2268 ιιτλ.)

193 2264 227 2320 cf.
247 2265 333 2320 Ench.
353 2282 376 2321 ο.
392 2272 435 2321 16.
1280 2305 1281 2381 ,

561 2411 592 2476 V
620 2409 740 2498 (Schw.
764 2411 830 2498 67).
1056 2412 1212 2478 SMABr

187 2533 353 2621 Ῥούφου
377 2535 417 2602 ἐκ
440 2545 510 2602 τού
530 2533 758 2620 Ἐπικτήτου
781 2535 871 2623 περὶ
892 2541 1035 2622 φιλίας.
1279 2533 1280 2603 ὀ

263 2680 308 2743 Τό
332 2674 369 2744 δὲ
388 2680 591 2764 Λυκούργου
610 2687 671 2744 τοῦ
689 2678 959 2763 Λακεδαιμονίου
977 2681 1027 2755 τίς
1049 2677 1145 2762 ἡμῶν
1170 2679 1211 2744 ού

194 2785 370 2869 θαυμάζει;
399 2782 569 2869 πηρωθεὶς
597 2785 659 2870 γὰρ
683 2783 749 2850 ὑπό
772 2807 861 2862 τινος
884 2795 951 2850 τῶν
973 2790 1120 2850 πολιτῶν
1142 2796 1210 2850 τῶν

192 2890 379 2975 ὀφθαλμῶν
409 2893 468 2956 τὸν
496 2890 609 2975 ἕτερον
645 2888 713 2976 καὶ,Ι
722 2891 925 2976 παραλαβὼν
948 2893 1210 3004 τὸννεαυίσκον

261 3099 307 3154 IV.
337 3100 409 3155 Stob.
425 3101 471 3155 ιολ
486 3099 529 3167 ΙΙ,
543 3103 570 3167 8,
585 3104 622 3155 30
645 3102 655 3170 ss
679 3107 692 3153 1
714 3101 994 3156 λιιαικαιοόαιλιαόιί
1009 3101 1039 3155 F
1055 3102 1087 3154 ιἰι
1099 3116 1203 3172 mam

192 3177 208 3226 6
229 3170 326 3240 εόροια
345 3170 377 3226 F
395 3171 492 3234 (δολκο.
512 3187 526 3225 ι
544 3172 641 3238 ουκί.).·
660 3169 738 3241 εύροι
757 3171 789 3226 F
805 3190 839 3226 m.
859 3173 916 3238 αλλ,
935 3173 963 3226 P
996 3175 1006 3242 ΙΙ
1039 3170 1207 3240 λούμπασα

189 3243 218 3296 Ρ
255 3244 265 3311 ΙΙ
302 3246 335 3295 10
355 3237 402 3309 ἐφ’
424 3239 491 3309 ἡμῖν
513 3271 541 3280 -
563 3243 619 3310 (11)
638 3240 676 3310 μὴ
695 3259 746 3298 om.
765 3245 806 3298 ed.
828 3242 922 3311 οοκί.,·
945 3244 1082 3310 λοωκιωα,
1104 3248 1136 3296 αι
1156 3259 1207 3312 po·

189 3313 253 3378 καί,
271 3313 374 3366 sarcire
391 3311 500 3366 εναᾱιιίί
518 3311 605 3366 Schw.
637 3316 647 3382 [Ι
680 3318 712 3366 13
733 3311 827 3368 ὁτιοῦν
846 3315 937 3369 codd„-
955 3330 1024 3369 corr.
1039 3311 1165 3367 Μιίκιλιε

261 3414 295 3470 V.
324 3415 401 3471 Stob.
418 3416 477 3484 (lor.
497 3419 541 3482 19,
556 3420 590 3470 13
627 3419 636 3485 ΙΙ
674 3412 740 3470 1ἒκ
759 3419 821 3487 τοῦ]
841 3401 873 3472 ἒιτι
894 3420 930 3488 S;
954 3415 985 3474 ἐκ
1007 3427 1063 3474 τῶν
1082 3419 1208 3474 Mainake

191 3489 272 3549 (recte
287 3492 369 3554 puto)
405 3488 414 3550 ΙΙ
453 3499 503 3538 om.
523 3487 607 3539 lemm.
627 3485 671 3540 Br
706 3488 715 3555 {l
752 3489 865 3557 θύμῶν
886 3490 1021 3558 Gaisford
1060 3493 1070 3557 ΙΙ
1111 3495 1207 3544 3τῶν

188 3553 349 3624 ὀφθαλμῶν
367 3554 417 3609 τὸν
437 3551 533 3621 ἕτερον
552 3555 584 3608 S:
602 3554 652 3608 τὸν
671 3553 767 3628 ἕτερον
785 3567 841 3613 τῶν
860 3559 1018 3630 ὀφθαλμῶν
1039 3567 1097 3615 cett.
