2626 3924
111 242 164 299 (1v,
178 248 210 299 ιο,
224 247 311 300 εο-ιι,
325 241 347 294 ο)
383 235 536 288 ΒΙΒΛΙΟΝ
553 237 751 290 ΤΕΤΑΡΓΟΝ.
776 235 807 290 ι’.
833 234 884 290 ια’.
1060 237 1125 303 389

111 397 289 480 χωρίζεται.
336 395 416 461 ὅταν
440 391 606 488 ούνιάλλο
630 419 661 461 τι
692 401 775 485 ζῷον
799 399 922 482 ἴδοιμεν
945 397 1164 465 ἀποκαθαίκ

113 524 174 586 ρον
205 498 319 584 ἑαυτό,
348 500 512 585 ἐπιλέγειν
542 504 709 588 εἰώθαμεν
738 505 965 588 θαυμάζοντες
994 506 1045 571 ὅτι
1073 505 1130 584 ’ὡς

112 606 318 693 ἄνθρωπος’·
345 604 400 672 καὶ
423 607 524 673 πάλιν
547 609 589 672 άν
612 619 662 686 τις
685 607 806 694 ἐγκαλῇ
829 632 896 675 τινι
921 607 1002 700 ζῴῳ,
1025 611 1130 689 εὐθύς

111 713 279 797 είύθαμεν
303 713 419 800 ὥσπερ,
436 711 701 799 ἀπολογούμενοι
725 713 833 798 λέγειν
862 715 913 781 ὅτι
945 716 998 782 εοὐ
1020 718 1129 802 δηπου

84 819 291 905 ιάνθροιπύς
309 817 422 884 ἐστιν’.
459 819 564 897 ούτοος
582 818 750 906 ἐξαίρετόν
769 846 801 886 τι
818 819 895 908 περὶ
917 823 977 888 τὸν
996 824 1128 908 άνθροο-
1147 841 1164 888 ο

111 947 177 991 πον
204 920 291 992 εἶναι
320 927 461 1010 οἰόμεθα
490 923 554 990 άπὸ
583 937 651 993 τῶν
674 933 766 993 θεῶν
789 928 869 994 αὐτὸ
891 938 1024 1014 πρῶτον
1048 933 1129 1014 λαμ

112 1030 279 1113 βαίνοντες.
329 1029 399 1097 ἐπεὶ
429 1033 492 1119 γάρ
521 1031 642 1098 ἐκεῖνοι
670 1035 769 1118 φύσει
796 1031 942 1121 καθαροὶ
968 1032 1023 1100 καὶ
1051 1033 1129 1119 άκη-

113 1160 222 1222 ρατοι,
250 1135 302 1223 ἐφ’
334 1137 415 1203 ὅσον
442 1138 617 1222 ηγγίκασιν
644 1137 758 1216 αὐτοῖς
784 1139 821 1205 οί
844 1141 1019 1226 άνθρωποι
1047 1143 1129 1206 κατὰ

111 1244 171 1309 τὸν
200 1247 319 1327 λύγον,
351 1241 404 1309 ἐπὶ
433 1253 595 1310 τοσοῦτον
623 1243 680 1310 καὶ
708 1255 769 1312 τοῦ
798 1252 951 1331 καθαροῦ
983 1244 1039 1311 καὶ
1067 1257 1129 1313 τοῦ

69 1369 97 1408 1⁰
111 1352 278 1437 καθαρίου
302 1348 389 1415 είσλν
411 1348 611 1417 άνθεκτικοί.
657 1349 727 1416 ἐπεὶ
748 1345 780 1416 δ’
802 1349 973 1438 άμηχανον
991 1353 1053 1437 τὴν
1072 1354 1128 1419 οὐ·
1148 1370 1165 1418 4

111 1459 188 1522 σίαν
218 1456 328 1522 αὐτῶν
357 1455 565 1522 παντάπασιν
601 1451 688 1522 εἶναι
720 1459 874 1544 καθαράν
906 1457 942 1522 ἐκ
973 1461 1129 1543 τοιαύτης

111 1562 194 1646 ὕλης
215 1560 433 1649 κεκραμένην,
456 1562 474 1628 ὁ
494 1564 592 1646 λόγος
611 1561 844 1648 παραληφθεὶς
866 1565 913 1641 είς
934 1565 973 1629 τὸ
996 1564 1128 1650 ἐνδεχό-

111 1691 214 1753 μενον
245 1670 368 1754 ταύτην
400 1668 566 1756 καθάριον
597 1667 769 1734 ἀποτελεῖν
800 1677 960 1756 πειρᾶται.
1014 1672 1163 1756 πράτησ

112 1770 175 1841 οὖν
198 1773 252 1842 καὶ
275 1774 431 1841 ἀνωτάτω
455 1778 644 1859 καθαρότης
670 1775 690 1859 η
715 1774 864 1861 ἐνψυχῇ
888 1774 1049 1860 γενομένη
1073 1774 1129 1842 καὶ

70 1897 97 1940 1⁵
113 1882 234 1965 ὁμοίως
263 1880 462 1968 ἀκαθαρσία.
513 1890 621 1967 ψυχῆς
650 1878 680 1950 δ’
709 1881 753 1959 ὡς
780 1883 930 1966 σώματος
960 1878 1023 1966 μὲν
1050 1880 1129 1947 άκα-

113 1990 260 2075 θαρσίαν
278 1987 340 2053 ούκ
358 1987 400 2053 άν
419 1987 541 2072 εὕροις,
564 1988 609 2065 ὡς
626 1996 734 2074 ψυχῆς
752 1985 789 2053 δὲ
808 1993 843 2054 τί
859 1987 901 2053 δν
920 1989 1001 2054 άλλο
1019 1988 1131 2075 εύροις
1176 2022 1179 2026 ·

113 2094 134 2178 ἣ
157 2096 195 2160 τὸ
217 2092 363 2180 παρέχον
386 2093 490 2178 αὐτην
514 2093 669 2181 ῥυπαράν
685 2095 768 2181 πρὸς
786 2096 826 2160 τὰ
847 2097 927 2179 ἔργα
949 2096 990 2160 τά
1013 2095 1129 2179 αὑτῆς;

113 2202 194 2286 ἔργα
217 2197 255 2265 δὲ
277 2209 385 2286 ψυχῆς
408 2200 524 2287 ὁρμᾶν,
548 2200 715 2285 ἀφορμάν,
743 2198 932 2287 ὀρέγεσθαι,
955 2200 1165 2286 έκκλίνειν,ο

112 2305 434 2391 παρασκευάζεσθαι,
459 2305 712 2392 ἐπιβάλλεσθαι,
740 2311 1052 2391 συγκατατίθεσθαι.
1098 2310 1165 2373 τίι

72 2433 99 2472 ιο
113 2409 184 2479 ποτ’
208 2407 271 2479 οὖν
290 2410 414 2478 ἔστιτὸ
433 2411 471 2478 έν
488 2414 620 2491 τούτοις
637 2423 708 2490 τοῖς
726 2414 835 2498 ἔργοις
854 2413 1007 2500 ῥυπαράν
1030 2411 1130 2498 παρέ-

112 2543 174 2603 χον
196 2519 302 2603 αὐτὴν
323 2516 378 2584 καὶ
406 2518 612 2604 άκάθαρτον;
640 2514 742 2585 οὐδὲν
764 2519 846 2584 ἄλλο
869 2518 890 2602 ἣ
913 2519 953 2584 τὰ
976 2519 1130 2604 μοχθηρὰ

113 2629 253 2710 κρίματα
280 2623 389 2709 αὐτῆς.
435 2626 518 2691 ὥστε
546 2633 653 2710 ψυχῆς
679 2621 741 2710 μὲν
768 2623 957 2710 ἀκαθαρσία
981 2625 1129 2709 δόγματα
1150 2641 1166 2690 8

113 2732 260 2818 πονηρά,
288 2731 453 2816 κάθαρσις
482 2729 512 2795 δ’
545 2730 717 2816 ἐμποίησις
749 2731 830 2796 οἵων
862 2731 916 2795 δεῖ
945 2730 1130 2814 δογμάτων.

113 2837 246 2922 καθαρὰ
270 2833 299 2901 δ’
326 2836 347 2920 η
372 2838 492 2921 ἔχουσα
515 2827 569 2902 οἷα
592 2838 647 2902 δεί
667 2838 828 2921 δόγματα·
852 2837 937 2920 μόνη
960 2837 1024 2922 γάρ
1048 2837 1130 2920 αύτη

72 2960 99 3002 ιε
115 2940 152 3007 ἐν
174 2951 244 3019 τοῖς
266 2943 376 3027 ἔργοις
398 2955 467 3021 τοῖς
490 2943 591 3028 αὑτῆς
613 2943 797 3028 άσύγχυτος
819 2940 875 3008 καὶ
898 2941 1091 3027 άμόλυντος.

182 3049 248 3112 Δεῖ
273 3046 314 3112 δέ
337 3071 368 3114 τι
396 3048 503 3126 έοικδς
524 3051 629 3139 τούτῳ
659 3047 715 3114 καὶ
743 3046 796 3114 ἐπὶ
824 3050 973 3134 σώματος
1002 3055 1166 3135 φιλοτε-9

114 3163 206 3238 χνεῖν
229 3154 371 3219 κατὰτὸ
401 3153 629 3240 ἐνδεχόμενον.
683 3153 853 3240 ἀμήχανον
882 3150 925 3237 ἦν
954 3153 1057 3239 μύξας
1087 3157 1130 3242 μὴ

115 3259 188 3346 ρείν
219 3269 279 3326 τοῦ
312 3258 496 3347 ἀνθρώπου
528 3270 682 3327 τοιοῦτον
714 3263 847 3346 ἔχοντος
876 3262 914 3326 τὸ
945 3261 1131 3348 σύγκραμα·

187 3446 370 3522 edwinum
395 3452 427 3508 S:
450 3469 519 3508 corr.
544 3452 575 3513 sb
614 3455 624 3520 n
665 3459 697 3507 13
718 3452 778 3525 (ἡ)
801 3453 895 3525 πρώτη
920 3453 1005 3510 σιιυ.
1046 3455 1056 3521 ι
1099 3459 1131 3508 ιο

115 3521 152 3651 δέν
168 3521 270 3649 ἕθύρνηιὲ
285 3523 317 3578 S:
337 3539 405 3578 οονκ.
430 3523 492 3593 Upt.
512 3524 569 3580 οοιί.
594 3525 603 3592 ΙΙ
628 3530 660 3578 17
679 3525 765 3593 αὐτῆς
784 3524 817 3580 S:
835 3541 904 3581 οονκ.
923 3541 937 3579 ε
959 3527 968 3594 ΙΙ
991 3527 1025 3578 25
1045 3524 1132 3592 αὐτῆς
