2626 3924
169 196 235 260 346
312 195 495 249 ιεειιαου
511 193 585 247 τοι
604 193 819 246 mmor
837 193 1034 246 Διιτειοιεα
1298 161 1304 290 χ

1303 293 1304 320 ι

112 375 144 423 11
164 353 265 424 οὐδὲν
297 357 443 440 δύναμαι
473 357 662 439 παραβῆναι
697 365 765 420 τῶν
796 352 963 420 ἐντολῶν.
1016 356 1108 438 τήρει
1142 357 1183 421 τὸ
1304 359 1305 434 λ

164 463 295 545 ἀγαθὸν
321 463 360 528 τὸ
388 457 508 525 ἑαυτοῦ
537 458 574 525 έν
600 463 714 543 παντί,
743 470 811 526 τῶν
838 457 869 524 δ’
896 461 1008 526 ἄλλων
1035 461 1182 527 κατὰτὸ

165 569 344 652 διδόμενον
376 565 470 652 μέχρι
507 574 567 631 τοῦ
599 565 804 650 εὐλογιστεῖν
837 565 874 632 ἐν
906 562 1034 650 αὐτοῖς,
1069 567 1181 656 τοότφ

164 675 256 762 μόνςο
279 672 491 759 ἀρκούμενος.
537 673 569 736 εί
591 668 628 737 δὲ
650 674 711 757 μή,
734 674 966 758 δυστυχήσας,
994 672 1180 759 ἀτυχήσεις,

111 795 143 844 12
161 781 360 865 κιολυθήσχ,
388 776 628 864 έμποδισθήσχ.
674 772 771 843 οὗτοί
797 779 882 843 είσιν
905 778 942 842 oc
961 776 1093 844 ἐκεῖ-θεν
1115 777 1181 843 ἀπ-
1208 811 1222 849 ο
1301 809 1307 880 [¹

163 881 357 968 εσταλμένοι
374 886 486 967 νόμοι,
502 893 605 949 ταῦτα
623 885 663 948 τά
682 883 896 966 διατάγματα·
914 883 1042 948 τούτων
1061 882 1181 968 ἑξηγη-
1305 885 1307 906 '

162 993 224 1075 τὴν
243 991 297 1057 δεῖ
312 987 483 1074 γενέσθαι,
504 990 635 1067 τούτοις
652 989 929 1074 ὑποτεταγμένον,
953 989 994 1055 οὐ
1012 1000 1082 1067 τοῖς
1099 993 1181 1056 Μα-

163 1101 301 1182 σουρίου
324 1093 380 1160 καὶ
402 1097 562 1160 Κασσίου.

225 1497 268 1565 δ’.
305 1499 411 1585 Πρὸς
433 1501 525 1576 τοὺς
546 1496 636 1584 περὶ
656 1501 699 1564 τὸ
724 1498 766 1564 έν
788 1498 931 1588 ἡσυχίᾳ
955 1500 1110 1584 διάγειν

518 1603 821 1682 ἐσπουδακότας.
1194 1632 1221 1671 ιο

127 1763 141 1811 1
225 1746 402 1832 Μέμνησο,
425 1746 477 1812 ὅτι
499 1743 541 1811 οὐ
563 1748 669 1830 μόνον
692 1744 852 1830 ἐπιθυμία
875 1745 976 1832 ἀρχῆς
993 1745 1048 1812 καὶ
1070 1749 1178 1813 πλού·
1311 1748 1312 1778 λ

159 1876 220 1919 του
243 1855 418 1928 ταπεινοὺς
439 1862 531 1916 ποιεῖ
550 1850 605 1916 καὶ
628 1852 741 1928 ἀλλοις
766 1852 1066 1937 ὑποτεταγμένους,
1088 1852 1177 1918 ἀλλὰ

160 1957 216 2024 καὶ
236 1959 375 2042 ἡσυχίας
396 1955 452 2022 καὶ
475 1961 596 2042 σχολῆς
617 1955 672 2022 καὶ
695 1956 879 2042 ἀποδημίας
896 1957 952 2024 καὶ
969 1962 1175 2044 φιλολογίας.
1311 1970 1312 1979 ’

160 2061 270 2138 ἁπλῶς
288 2062 351 2146 γὰρ
371 2051 445 2128 οἷον
459 2060 501 2126 ἀν
519 2055 541 2148 ᾗ
559 2063 597 2128 τὸ
617 2061 718 2147 έκτός,
736 2063 757 2146 ἡ
776 2065 853 2147 τιμὴ
872 2062 974 2131 αὐτοῦ
992 2063 1176 2131 ὑποτάσσει
1303 2149 1308 2162 x

124 2183 140 2232 2
159 2169 258 2255 άλλφ.
303 2170 338 2231 τί
358 2162 420 2232 οὖν
439 2166 589 2253 διαφέρει
608 2172 795 2253 συγκλήτου
814 2168 990 2255 ἐπιθυμεῖν
1009 2171 1030 2255 ἦ
1047 2180 1109 2236 τοῦ
1127 2172 1175 2255 μὴ
1191 2194 1217 2234 ιι

159 2267 246 2337 εἶναι
281 2276 513 2359 συγκλητικόν,
549 2277 584 2338 τί
615 2273 766 2360 διαφέρει
799 2274 901 2361 ἀρχῆς
936 2275 1114 2359 ἐπιθυμεῖν
1151 2275 1174 2359 ἢ

159 2376 331 2464 ἀναρχίας;
364 2383 400 2444 τί
429 2377 579 2465 διαφέρει
612 2380 721 2464 λέγειν
754 2381 805 2446 ότι
832 2381 950 2458 εκακῶς
981 2383 1041 2464 μοί
1069 2379 1174 2464 ἐστιν,

158 2482 259 2551 οὐδέν
282 2487 345 2570 ἔχω
367 2488 403 2550 τί
422 2484 550 2570 πράξω,
581 2485 664 2551 ἀλλὰ
691 2497 760 2563 τοῖς
786 2490 928 2572 βιβλίοις
949 2484 1175 2572 προσδέδεμαι

157 2591 202 2666 ὡς
228 2591 357 2676 υεκρὸς’
385 2591 406 2676 ἣ
434 2590 543 2674 λέγειν
572 2591 691 2669 ’κακῶς
716 2593 777 2676 μοί
801 2591 905 2675 έστιν,
934 2589 995 2658 οὐκ
1022 2588 1173 2678 εὐσχολῶ

122 2711 139 2760 8
158 2692 373 2778 ἀναγνῶναι’;
399 2698 444 2773 ὡς
462 2698 526 2782 γὰρ
545 2694 712 2781 ἀσπασμοί
730 2694 785 2762 καὶ
804 2696 887 2783 ἀρχὴ
906 2707 973 2763 τῶν
991 2696 1083 2775 ἐκτός
1100 2697 1173 2763 ἐστι
1188 2722 1215 2764 1ο

121 2797 213 2864 ικαὶ
244 2799 487 2887 ἀπροαιρέτυν,
519 2802 606 2868 οὕτω
634 2800 690 2867 καὶ
716 2804 857 2888 βιβλίον.
909 2801 930 2886 ἢ
957 2805 1047 2880 τίνος
1073 2802 1172 2870 ἕνεκα

155 2902 267 2980 θέλεις
298 2905 503 2988 ἀναγνόντα
536 2905 610 2972 είπέ
638 2931 703 2991 μοι.
755 2909 787 2972 εί
816 2903 878 2992 μὲν
909 2909 973 2994 γὰρ
1006 2905 1056 2974 ἐπ’
1088 2907 1171 2976 αὐτὸ

156 3007 388 3093 καταστρέφεις
417 3010 478 3093 [έιί
507 3013 601 3094 αὐτὸ]
629 3015 667 3078 τὸ
695 3019 980 3098 ψυχαγωγηδῆναι
1002 3014 1023 3099 ἢ
1046 3022 1172 3100 μαθεῖν

155 3139 204 3197 τι,
231 3118 358 3201 ψυχρὸς
384 3112 491 3182 εἶκαὶ
518 3121 732 3204 ταλαίπωρος.
779 3121 810 3184 εί
836 3117 867 3183 δ’
894 3117 945 3206 ἐφ’
973 3119 990 3185 δ
1015 3120 1069 3186 δεῖ
1089 3120 1172 3187 ἀνα-

155 3218 281 3304 φέρεις,
308 3223 343 3284 τί
366 3219 456 3287 τοῦτ’
486 3224 577 3288 ἔστιν
604 3224 686 3289 ἀλλο
713 3222 735 3307 ἢ
762 3225 891 3310 εὔρους
925 3227 957 3290 εί
983 3224 1024 3291 δέ
1049 3241 1103 3293 σοι
1130 3230 1169 3294 τδ
1185 3248 1213 3290 τι

227 3387 353 3444 κόλλαν
372 3390 441 3462 <τι>
458 3392 489 3452 δε
517 3395 527 3460 ΙΙ
558 3392 693 3449 8κασίου
712 3396 745 3451 S:
761 3413 862 3453 coms
888 3400 898 3468 ΙΙ
926 3403 961 3452 14
979 3393 1030 3453 έδιν
1045 3400 1078 3454 S:
1096 3417 1168 3457 corr.

161 3459 224 3534 Ut.
248 3475 262 3512 ι
285 3460 343 3514 aod.
378 3463 388 3528 ΙΙ
423 3467 458 3513 22
477 3456 523 3515 ἐπ’
544 3463 631 3517 αδτοῖ
651 3465 683 3519 S.-
700 3482 769 3520 τοτε.
788 3466 889 3534 δάιος
911 3469 963 3524 del.
987 3469 1049 3538 Upt.
1086 3471 1096 3538 fl
1132 3477 1169 3526 23

157 3524 215 3596 [π’
236 3527 317 3599 αὐτὸ]
336 3530 386 3584 ἀτί.
406 3530 489 3587 διλιιο.
522 3533 532 3600 ΙΙ
563 3536 598 3585 24
616 3533 809 3607 ἀταλαίπωρος
827 3536 911 3593 seluo.
