2636 3930
118 219 178 275 (111,
192 184 225 274 ιε,
240 223 325 274 ιι-ιο,
340 217 375 269 ιο)
411 210 564 261 ΒΙΒΔΙΟΝ
581 211 722 264 ΤΡΙΤΟΝ.
743 205 792 280 ιβ’.
812 208 861 278 ιγ’.
1069 209 1136 274 243

118 370 139 454 ἢ
164 369 312 455 ἀδελφὸν
335 368 356 454 η
379 369 456 436 υίὸυ
478 369 499 455 ἢ
523 371 664 454 ἔγγονον
692 368 712 453 ἣ
740 379 885 454 συγγενῆ
893 369 913 435 ’.
957 381 1058 437 ταῦτα
1081 370 1171 437 καλε

119 477 260 560 λίγουσί
278 499 367 553 τινες
393 476 445 541 ὅτι
471 486 564 542 ποιεῖ
589 478 691 560 μόνος
720 475 757 541 ἐν
783 485 823 561 τῇ
857 477 1047 563 ἐκπυρώσει.
1094 479 1135 545 οὐ

118 584 184 668 γὰρ
208 582 380 648 ἐπινοοῦσι
404 580 610 666 διεξαγωγὴν
632 585 738 666 μόνου
761 580 817 647 καὶ
840 582 904 648 ἀπό
925 607 1016 662 τινος
1037 602 1135 668 φυσι-

119 697 183 754 κοῦ
206 689 409 773 ὁρμώμενοι,
437 689 502 754 ἀπὸ
531 697 591 754 τοῦ
619 689 719 772 φύσει
747 699 947 756 κοινωνικοῦ
970 685 1136 756 εἶναικαὶ

94 797 328 880 εφιλαλλήλου
355 792 411 859 καὶ
437 791 542 878 ἡδέως
571 791 903 880 συναναστρέφεσθαι
935 794 1135 880 ἀνθρώποις.

120 898 193 967 ἀλλ’
216 895 318 967 οὐδὲν
336 895 435 984 ἦττον
459 902 513 965 δεῖ
531 923 606 965 τινα
629 898 684 965 καὶ
707 902 789 986 πρὸς
807 910 905 966 τοῦτο
923 903 1136 986 παρασκευὴν
1155 922 1171 970 ο

120 1009 209 1091 ἔχειν
231 1008 269 1072 τὸ
294 1007 463 1072 δύνασθαι
486 995 589 1072 αὐτὸν
612 1003 717 1094 ἑαυτῷ
736 1006 863 1093 ἀρκεῖν,
887 1008 1056 1072 δύνασθαι
1077 1008 1135 1072 αὐ-

120 1115 180 1179 τδν
204 1107 308 1200 ἑαυτῷ
331 1123 496 1177 συνεῖναι·
520 1112 564 1188 ὡς
587 1112 605 1178 ὁ
626 1115 711 1188 Ζεὺς
734 1111 833 1190 αὐτὸς
851 1109 957 1201 ἑαυτοῦ
980 1114 1135 1179 σύνεστιν
1155 1133 1169 1181 7

120 1217 177 1286 καὶ
198 1219 352 1303 ἡσυχάζει
374 1215 427 1303 ἐφ’
450 1216 569 1284 ἑαυτοῦ
592 1216 648 1284 καὶ
672 1217 785 1286 ἐννοεῖ
803 1220 865 1304 τὴν
884 1221 1050 1304 διοίκησιν
1073 1221 1135 1304 τὴν

79 1347 106 1387 ιο
121 1324 242 1392 ἑαυτοῦ
271 1327 325 1391 οία
353 1322 422 1390 ἐστὶ
448 1322 504 1389 καὶ
532 1324 569 1390 ἐν
599 1324 761 1420 ἐπινοίαις
784 1329 910 1409 γίνεται
932 1329 1136 1412 πρεπούσαις

121 1430 244 1520 ἑαυτῷ,
273 1431 379 1508 οὕτως
404 1428 459 1496 καὶ
481 1431 567 1515 ἡμᾶς
589 1431 759 1496 δύνασθαι
782 1432 903 1510 αὐτοὺς
926 1430 1055 1510 ἑαυτοῖς
1077 1438 1135 1497 λα-

121 1543 210 1623 λεῖν,
236 1538 280 1622 μὴ
307 1537 529 1623 προσδεῖσθαι
557 1537 684 1619 ἄλλων,
715 1538 881 1620 διαγωγῆς
908 1539 952 1621 μη
982 1537 1133 1621 ιἰπορεῖν·
1181 1543 1183 1548 ’

122 1643 312 1731 ἐφιστοίυειν
338 1651 378 1728 ιγ’]
405 1643 484 1729 θείᾳ
511 1643 688 1725 διοικήσει,
719 1651 758 1727 τῇ
787 1641 896 1708 αὑτῶν
923 1645 1006 1727 πρὸς
1032 1638 1170 1711 τᾶλλαε

121 1751 243 1838 σχέσει·
267 1748 455 1834 ἐπιβλέπειν
472 1759 541 1826 πῶς
559 1751 721 1835 πρότερον
739 1754 871 1833 εἴχομεν
888 1751 970 1830 πρὸς
987 1750 1028 1813 τδι
1052 1765 1135 1832 συμ-

80 1876 107 1918 ιε
121 1858 295 1942 βαίνοντα,
322 1867 392 1932 πῶς
414 1865 491 1921 νῦν·
521 1853 710 1941 τίναέστὶν
733 1858 780 1920 ἔτι
803 1856 842 1920 τὰ
864 1858 1041 1939 θλίβοντα·
1065 1866 1135 1932 πῶς

122 1961 165 2029 δν
187 1968 382 2046 θεραπευθη
409 1958 464 2026 καὶ
487 1969 605 2045 ταῦτα,
632 1972 702 2038 πῶς
730 1960 897 2049 ἐξαιρεθῇ·
927 1967 961 2026 εί
983 1965 1058 2026 τινα
1085 1959 1135 2039 ἐξ·

121 2071 276 2155 εργασίας
300 2069 415 2151 δεῖται,
444 2070 537 2150 [τῶν]
561 2068 642 2133 κατὰ
665 2070 724 2134 τὸν
743 2068 862 2134 αὐτῶν·
878 2071 980 2152 λόγον
1004 2066 1134 2153 ἐξεργά-

123 2178 249 2254 ζεσθαι.

184 2278 299 2364 Ὁρᾶτε
325 2280 389 2365 γὰρ
417 2280 468 2344 ὅτι
500 2280 636 2364 εἰρήνην
664 2280 812 2363 μεγάλην
835 2280 862 2345 δ
891 2273 1022 2363 Καῖσαρ
1054 2280 1169 2364 ημῖνε

80 2407 108 2446 ιο
123 2389 218 2452 δοκεῖ
243 2382 415 2472 παρέχειν,
449 2385 500 2449 ὅτι
532 2384 593 2450 οῦκ
623 2383 709 2450 εἰσὶν
741 2383 852 2451 οὐκέτι
883 2385 1021 2469 πόλεμοι
1054 2382 1135 2450 οὐδὲ

122 2493 224 2578 μίχαι
246 2487 326 2556 οὐδὲ
348 2492 508 2577 ληστηρια
530 2490 655 2574 μ-εγοίλα
678 2486 758 2556 οὐδὲ
780 2490 960 2574 πειρατικοί,
987 2486 1059 2554 ἀλλ’
1087 2490 1136 2567 ἕξ-

121 2615 214 2664 εστιν
236 2596 323 2682 πίση
348 2597 419 2684 ὥρη
441 2597 583 2680 ὁδεύειν,
606 2600 701 2661 πλεῖν
723 2593 777 2661 ἀπ’
806 2595 976 2661 ἀνατολῶν
1000 2592 1053 2659 ἐπὶ
1077 2596 1135 2660 δυ-

122 2704 216 2789 σμάς.
262 2706 306 2788 μή
333 2725 364 2768 τι
392 2697 454 2769 οὖν
481 2700 536 2767 καὶ
564 2702 627 2768 ἀπὸ
656 2712 801 2788 πυρετοῦ
825 2703 964 2767 δύναται
986 2701 1066 2786 ἡμῖν
1090 2705 1134 2768 εί-
1156 2719 1188 2768 10

4 2891 7 2904 .
123 2813 230 2895 ρηνην
252 2819 444 2893 παρασχεῖν,
474 2811 518 2892 μη
542 2832 573 2874 τι
595 2806 651 2873 καὶ
673 2807 737 2873 ἀπὸ
762 2811 938 2892 ναυαγίου,
960 2811 1004 2892 μή
1027 2832 1058 2873 τι
1081 2807 1136 2874 καὶ

81 2935 109 2977 ει
123 2916 188 2982 ἀπὸ
212 2913 405 3001 ἐμπρησμοῦ
428 2913 448 2998 ἢ
473 2913 536 2980 ἀπὸ
561 2925 697 2999 σεισμοῦ
728 2913 747 2998 ἢ
776 2913 840 2980 ἀπὸ
868 2923 1048 2999 κεραυνοῦ;
1077 2916 1136 2997 ίίγε
1168 2937 1170 2942 ·

198 3123 494 3196 14sq.ef.Ench.16:
513 3122 555 3178 ὅτι
573 3133 673 3180 τοῦτον
691 3126 787 3196 θλίβει
805 3125 838 3179 οῦ
856 3095 888 3179 τδ
907 3123 1088 3197 συμβεβηκός.

123 3236 339 3244 -----

5 3321 14 3338 ·
197 3297 280 3370 9ίφ’
302 3296 486 3370 samm.
506 3319 576 3357 am.
595 3299 778 3370 νεο,).·ῦφέ
805 3305 814 3371 λ
842 3306 874 3353 11
890 3300 1035 3355 δύνασθαι
1044 3300 1137 3427 ff>

15 3385 22 3394 .
125 3372 156 3435 S„
171 3373 214 3428 υελ
231 3373 310 3499 θερλ
352 3377 385 3426 13
404 3372 496 3428 αὐτῶν
515 3390 553 3428 cm
571 3373 665 3463 αῦτῶχ
684 3372 713 3441 S,
729 3375 863 3463 ίκμενῖαυι
893 3375 903 3441 ss
936 3378 969 3427 16
988 3370 1025 3425 διν
1064 3372 1137 3455 ,ενδ

125 3461 220 3500 εοονῖ.
240 3460 259 3498 a
301 3445 373 3504 ενῖί
394 3461 428 3500 m.
447 3459 499 3500 rec.
531 3445 541 3512 ΙΙ
573 3449 605 3498 17
625 3463 680 3497 των
699 3463 772 3535 κατα
790 3444 839 3498 τὸν
858 3444 945 3498 αὐτοῦ
965 3443 997 3498 S:
1020 3459 1135 3510 εοννῖει,

124 3568 197 3624 illud
215 3575 270 3621 τῶν
288 3568 361 3623 nihil
377 3568 433 3623 nisi
451 3573 633 3625 εοννεοῖανανι
651 3532 760 3640 (affl)
779 3585 832 3624 esse
850 3574 928 3624 ratus

925 3655 978 3711 16*
