2650 3930
138 217 197 276 (111,
213 216 355 274 κει-νη)
431 207 586 259 ΒΙΒΛΙΟΝ
604 207 743 259 TPITON.
772 205 812 259 α’.
833 205 872 277 β’.
1087 205 1153 270 213

139 371 354 452 διάκτορον
386 366 656 453 ἀργεϊφόντην
687 367 732 452 μὴ
761 366 951 454 ἐκστρέφειν
979 367 1018 432 τά
1048 371 1156 444 καλῶς

138 477 258 562 ἔχοντα
281 470 364 559 μηδὲ
387 474 675 560 περιεργάζεσθαι,
704 470 775 538 ἀλλ’
803 472 938 559 ἀφεῖναι
964 475 1024 539 τὸν
1046 473 1155 558 άνδρα

138 583 258 667 ἀνδρα,
280 582 342 665 την
365 591 506 664 γυναῖκα
529 590 682 664 γυναῖκα,
705 582 764 646 τὸν
787 583 890 647 καλὸν
908 582 1091 665 άνθρωπον
1110 580 1155 656 ὡς

137 689 242 754 καλὸν
265 687 461 774 ἀνθρωπον,
490 689 549 752 τὸν
572 687 711 771 αἰσχρὸν
734 685 778 761 ὡς
800 686 983 771 άνθρωπον
1006 687 1154 772 αίσχρόν.

110 793 192 859 εότι
217 792 277 860 οὐκ
300 788 333 858 εί
359 789 456 879 κρέας
484 788 563 858 οὐδὲ
593 796 716 878 τρίχες,
740 790 823 857 ἀλλά
845 793 1049 877 προαίρεσις·
1077 792 1155 857 ταό-
1173 808 1208 857 4ο

138 922 200 984 την
223 898 266 964 ἀν
289 907 369 985 σχῇς
391 900 508 982 καλόν,
530 896 596 964 τότ’
620 901 688 963 ἔσει
706 900 815 974 καλός.
860 895 954 983 μέχρι
973 893 1011 962 δὲ
1029 907 1093 964 νῦν
1113 897 1154 964 οὐ
1172 913 1206 962 41

139 1009 250 1089 τολμῶ
269 1021 323 1071 σοι
342 1003 462 1088 λέγειν,
481 1005 533 1071 ὅτι
551 1006 685 1091 αἰσχρὸς
702 999 745 1070 εί·
765 1006 875 1081 δοκεῖς
892 1003 955 1090 γάρ
974 1027 1031 1087 μοι
1049 1003 1156 1070 πάντα

138 1112 254 1177 θέλειν
278 1110 417 1177 ἀκοῦσαι
440 1111 461 1195 ἢ
483 1121 591 1178 τοῦτο.
637 1109 709 1176 ἀλλ’
732 1111 795 1196 όρα
813 1114 848 1177 τί
867 1109 955 1192 λέγει
974 1109 1155 1195 Σωκράτης
1173 1125 1207 1174 42

139 1225 184 1306 τῷ
199 1221 364 1307 καλλίστῳ
377 1218 512 1283 πάντων
526 1216 582 1284 καὶ
596 1217 787 1306 ὡραιοτάτφ
798 1214 1001 1303 Ἀλκιβιάδῃ·
1017 1215 1056 1282 ‘x
1065 1225 1155 1302 ειρῶ

98 1345 126 1386 10
141 1318 212 1390 οὖν
236 1327 353 1401 καλὸς
375 1319 505 1390 εἶναι’.
550 1327 585 1390 τί
604 1324 693 1411 αὐτῷ
717 1321 820 1407 λέγει;
849 1322 985 1389 (πλάσσε
1009 1338 1072 1389 σου
1095 1323 1156 1408 την

139 1432 247 1514 κόμην
276 1428 332 1495 καὶ
363 1434 452 1496 τίλλε
484 1440 547 1496 σοῦ
579 1431 619 1496 τὰ
651 1427 778 1514 σκέλη’;
813 1431 860 1514 μη
890 1426 1032 1513 γένοιτο·
1072 1427 1156 1494 ἀλλά

140 1535 270 1619 “κόσμει
288 1553 350 1602 σου
368 1538 431 1621 την
448 1539 655 1622 προαίρεσιν,
673 1535 781 1621 ἔξαιρε
800 1537 840 1601 τά
858 1541 971 1621 φαῦλα
986 1533 1155 1618 δόγματα’.

140 1643 178 1708 τὸ
210 1642 376 1726 σωμάτιον
407 1637 470 1708 οὖν
498 1651 581 1721 πῶς;
620 1642 664 1718 ὡς
694 1640 848 1727 πέφυκεν.
904 1643 995 1730 ἀλλφ
1026 1641 1155 1706 τούτων
1173 1656 1207 1704 43

141 1746 313 1833 ἐμέλησεν·
345 1748 460 1838 ἐκείνῳ
488 1746 673 1835 ἐπίτρεψον.
708 1785 750 1797 -
787 1750 831 1813 Τί
854 1741 931 1826 οὖν;
963 1746 1154 1831 ἀκάθαρτον
1173 1761 1209 1810 44

99 1854 196 1942 ωδεῖ
220 1849 319 1934 εἶναι;
349 1892 388 1903 -
418 1856 478 1938 Μὴ
507 1852 649 1939 γένοιτο·
682 1852 753 1920 ἀλλ’
787 1854 824 1932 ὃς
851 1849 884 1919 εί
914 1851 969 1918 καὶ
996 1849 1155 1937 πέφυκας,

140 1967 261 2026 τοῦτον
283 1960 436 2047 κάθαιρε,
459 1961 566 2046 ἀνδρα
589 1961 634 2038 ὡς
655 1961 763 2046 άνδρα
785 1959 951 2048 καθάριον
975 1952 1072 2042 εἶναι,
1097 1981 1156 2041 γυ-

139 2076 239 2132 ναῖκα
262 2068 306 2144 ὡς
328 2077 482 2149 γυναῖκα,
503 2066 639 2132 παιδίον
663 2066 707 2143 ὡς
728 2068 874 2132 παιδίον.
920 2065 974 2130 οὔ·
998 2061 1153 2130 ἀλλὰκαὶ
1172 2081 1207 2130 4ο

141 2182 201 2238 τοῦ
224 2172 358 2249 λέοντος
381 2171 580 2256 έκτίλλωμεν
599 2173 660 2255 την
682 2176 803 2257 κόμην,
824 2173 881 2238 ἵνα
903 2171 948 2256 μὴ
968 2169 1156 2257 ἀκάθαρτος

141 2269 174 2362 ᾖ,
197 2276 252 2344 καὶ
270 2288 331 2345 τοῦ
349 2277 569 2364 ἀλεκτρυόνος
587 2279 645 2343 τὸν
665 2280 784 2363 λόφον·
809 2279 863 2343 δεῖ
880 2278 942 2362 γάρ
961 2274 1017 2341 καὶ
1035 2285 1155 2342 τοῦτον

101 2406 128 2447 ιο
141 2383 308 2470 καθάριον
336 2379 431 2450 είναι.
477 2377 549 2449 ἀλλ’
576 2384 621 2460 ὡς
643 2382 848 2469 ἀλεκτρυόνα
874 2380 929 2447 καὶ
958 2381 1086 2448 ἐκεῖνον
1110 2382 1156 2458 ὡς

142 2486 261 2555 λεόντα
284 2493 340 2555 καλ
363 2494 422 2556 τὸν
445 2491 660 2574 κυνηγετικὸν
683 2490 768 2555 κύνα
791 2489 836 2566 ὡς
858 2490 1083 2571 κυνηγετικόν.

159 2786 204 2874 β’.
242 2789 340 2875 Περὶ
364 2793 453 2857 τίνα
477 2789 688 2855 ἀσκεῖσθαι
711 2790 775 2854 δεῖ
795 2791 863 2855 τὸν
885 2790 1138 2873 προκόψουτα

257 2894 323 2961 καὶ
347 2897 406 2962 ότι
429 2907 505 2962 τῶν
528 2896 783 2981 κυριωτάτων
806 2893 1035 2978 ἀμελοῦμεν.

216 3023 310 3105 Τρεῖς
332 3022 397 3085 εἰσι
419 3022 527 3100 τόποι,
549 3017 625 3106 περὶ
648 3019 707 3096 οὓς
724 3017 912 3103 ἀσκηθῆναι
931 3020 985 3083 δεῖ
1000 3019 1060 3084 τὸν
1083 3016 1155 3083 έσό-
1176 3035 1189 3082 1

102 3144 129 3186 ω
143 3149 245 3210 μενον
268 3128 372 3191 καλὸν
394 3122 449 3190 καὶ
473 3124 615 3208 ἀγαθόν·
645 3126 663 3191 ὁ
693 3123 769 3211 περὶ
795 3125 853 3201 τάς
876 3122 999 3210 ὀρέξεις
1021 3121 1076 3188 καὶ
1099 3125 1157 3200 τὰς

215 3286 280 3406 98η.
304 3282 340 3334 ef.
363 3279 436 3335 Plat.
455 3280 547 3337 Alcib.
569 3299 610 3350 pr.
630 3275 729 3350 p.'131
741 3281 771 3335 d:
795 3284 946 3351 προθυμοῦ
969 3281 1065 3335 τοίνυν
1090 3278 1157 3334 κάλ-

142 3354 231 3414 λιστος
250 3370 263 3406 ε
276 3372 333 3407 ναι.

215 3499 247 3547 18
268 3487 411 3562 ἕκτίλομεν
430 3493 464 3550 S:
477 3509 574 3550 eorm
609 3497 618 3564 ΙΙ
655 3500 689 3549 22
708 3492 773 3563 περὶ
792 3492 884 3566 <τοῦ>
902 3495 998 3548 τίναε
1029 3495 1038 3562 ΙΙ
1070 3492 1158 3562 ἀσκη-

142 3566 214 3618 σθαι
232 3564 265 3620 S.-
283 3581 352 3620 σοιν.
372 3581 405 3618 m.
422 3580 467 3633 pr.
500 3565 509 3633 ΙΙ
541 3566 727 3635 προκόψαντα
746 3565 780 3621 S:
798 3581 900 3621 eorm
