2636 3930
131 186 191 240 (111,
201 190 235 240 ετ,
246 184 335 236 το-εο)
456 176 609 230 BIBAION
626 178 766 230 TPITON.
787 177 844 248 ιβ’.
1084 177 1150 243 275

131 335 253 419 βάττον
280 334 466 421 ἑτοιμάσας
500 337 541 403 οὐ
572 339 636 423 γδιρ
669 336 705 403 ἐκ
734 347 791 421 της
817 342 945 416 κοιλίας
973 337 1151 416 ἐξελθόντα

133 443 277 508 δύναται
304 445 435 509 Κυνικδι
464 438 563 510 εἶναι·
596 447 628 509 εί
654 440 691 509 δὲ
718 446 779 529 μή,
811 457 966 530 κρεῖσσον
998 442 1041 530 ἦν
1068 445 1151 512 αὐτά

132 552 299 633 γενόμενα
323 550 419 635 ῥίψαι
437 550 458 634 ἢ
477 550 582 628 οὕτως
599 550 799 617 ἀποκτείναι.
837 555 951 618 σκόπει
969 561 1035 618 ποῦ
1053 554 1150 618 κατά·
1170 569 1204 617 ιο

132 678 239 740 γομεν
266 657 325 721 τὸν
348 659 515 740 Κυνικόν,
542 668 613 735 πῶς
639 657 742 723 αὐτοῦ
769 658 829 740 τὴν
858 661 1029 741 βασιλείαν
1053 659 1150 744 ἀφαι-

104 763 295 846 ερούμεθα.
317 798 358 810 -
374 766 458 828 Ναί·
483 762 565 828 ἀλλδι
588 763 721 850 Κράτης
745 765 874 848 ἔγημεν.
892 801 929 812 -
946 767 1150 849 Περίστασίυ
1170 780 1204 829 76

133 892 191 951 μοι
225 866 330 952 λέγεις
363 868 395 947 ἐξ
430 871 550 954 ἔρωτος
581 868 765 954 γενομένην
793 867 847 934 καὶ
875 880 1016 952 γυναῖκα
1046 878 1151 949 τιθείς

133 975 239 1039 ἀλλον
262 974 427 1062 Κράτητα.
463 975 557 1060 ἡμεῖς
580 972 617 1040 δὲ
640 974 715 1062 περὶ
734 987 801 1043 τῶν
820 987 943 1043 κοινῶν
962 978 1078 1062 γάμων
1095 975 1150 1042 καλ

133 1080 406 1164 εὐπερισπάστοιν
435 1085 594 1167 ζητοῦμεν
621 1081 676 1148 καλ
707 1083 793 1148 οὗτοι
818 1086 990 1166 ζητοῦντες
1012 1083 1073 1168 οὐχ
1097 1083 1151 1148 εὑ-

133 1189 293 1272 ρίσκομεν
317 1187 397 1271 <ἐν>
421 1189 522 1274 ταύτῃ
545 1197 584 1274 τῇ
608 1190 802 1256 καταστάσει
828 1191 1081 1276 προηγούμενον
1103 1198 1149 1278 τῷ

90 1316 119 1356 ιο
135 1297 272 1382 Κυνικηῦ
296 1295 333 1359 τὸ
356 1304 499 1381 πρᾶγμα.

201 1404 282 1477 Πῶς
308 1395 371 1465 οὖν
398 1403 461 1485 ἔτι,
488 1406 586 1488 φησί,
614 1404 769 1469 διασώσει
797 1405 859 1486 τὴν
881 1407 1075 1483 κοινωνίαν;
1109 1439 1146 1449 -
1168 1417 1203 1468 77

139 1509 207 1572 Τὸν
229 1509 313 1572 θεόν
337 1523 403 1572 σοι·
427 1512 560 1591 μείζονα
583 1503 614 1572 δ’
636 1508 868 1593 εὐεργετοῦσιν
892 1508 1093 1593 ἀνθρώπους
1116 1509 1153 1574 οί

105 1694 108 1707 Ι
135 1611 156 1695 ἢ
176 1613 238 1678 δύο
253 1611 273 1696 ἢ
287 1617 363 1698 τρία
381 1617 592 1700 κακόρρυγχα
606 1615 722 1679 παιδιά
741 1611 818 1679 ἀνθ’
838 1614 948 1678 αὐτῶν
962 1614 1150 1696 εἰσάγοντες

133 1718 154 1801 ἣ
179 1719 215 1784 οί
235 1717 491 1797 ἐπισκοποῦντες
512 1719 638 1797 πάντας
663 1721 745 1784 κατδι
769 1720 914 1802 δύναμιν
937 1719 1150 1804 ἀνθρώπους,

93 1847 119 1888 ιε
134 1828 170 1890 τί
188 1833 356 1908 ποιοῦσιν,
379 1836 448 1902 πώς
471 1826 657 1909 διάγουσιν,
680 1827 771 1902 τίνος
793 1824 1036 1908 ἐπιμελοῦνται,
1059 1827 1149 1901 τίνος

133 1929 293 2016 ἀμελοῦσι
324 1933 413 2018 παρὰ
444 1934 481 1998 τὸ
512 1935 694 2017 προσηκονς
729 1929 784 1997 καλ
817 1934 983 2016 Θηβαίους
1015 1933 1147 2015 μείζονα
1168 1945 1201 1996 78

134 2036 310 2122 ὠφέλησαν
334 2037 407 2104 ὅσοι
430 2041 542 2104 τεκνία
565 2039 677 2116 αὐτοῖς
699 2036 875 2104 κατέλιπον
895 2033 1148 2122 Ἐπαμινώνδου

133 2153 193 2210 τοῦ
226 2141 365 2210 ἀτέκνου
398 2144 642 2222 ἀποθανόντος;
680 2143 734 2210 καλ
762 2142 907 2231 Ὁμήρου
940 2147 1077 2210 πλείονα
1108 2153 1147 2229 τῇ

132 2255 293 2336 κοινωνίᾳ
315 2250 515 2335 συνεβάλετο
540 2254 691 2336 Πρίαμος
720 2250 738 2316 δ
761 2253 965 2335 πεντήκοντα
987 2251 1149 2333 γεννήσας

92 2379 119 2418 κο
133 2355 405 2440 περικαθάρματα
432 2354 453 2438 ἣ
482 2356 616 2432 Δαναὸς
645 2355 666 2438 ἢ
694 2359 831 2433 Αίολος;
864 2350 934 2419 εἶτα
967 2357 1199 2439 στρατηγίαις)

133 2458 195 2546 μὲν
214 2461 234 2545 i}
253 2462 424 2546 σύνταγμά
441 2485 516 2527 τινα
536 2460 680 2547 ἀπείρξει
700 2460 807 2545 γάμου
827 2459 1074 2543 ἢπαιδοποιίας
1092 2459 1148 2526 καὶ

133 2567 174 2633 οὐ
198 2567 286 2646 δόξει
315 2563 412 2644 οὗτος
440 2564 509 2632 ἀντ’
538 2567 676 2642 οὐδενὸς
703 2565 869 2650 ἠλλάχθαι
896 2565 957 2647 τὴν
981 2563 1147 2648 ἀτεκνίαν,

132 2674 153 2759 ἡ
178 2671 215 2739 δὲ
237 2683 297 2739 τοῦ
316 2676 467 2738 Κυνικοῦ
490 2675 642 2756 βασιλεία
662 2670 831 2737 οὐκέσται
851 2668 1000 2749 ἀνταξίας
1024 2672 1147 2754 μήποτε
1167 2688 1201 2739 80

134 2780 195 2847 οὐκ
219 2782 450 2863 αίσθανόμεθα
477 2789 538 2844 τοῦ
565 2777 730 2863 μεγέθους
758 2778 861 2843 αὐτοῦ
885 2774 964 2843 οὐδὲ
987 2779 1149 2861 φανταζό-

92 2906 119 2948 ιι
133 2893 221 2972 μεθα
248 2883 318 2952 κατ’
345 2884 441 2963 ἀξίαν
468 2886 527 2950 τὸν
550 2894 737 2971 χαρακτῆρα
764 2886 824 2950 τὸν
847 2881 1043 2966 Διογένους,
1072 2882 1144 2949 ἀλλ’

133 2995 180 3070 είς
207 2995 286 3067 τοὺς
312 3001 376 3056 νῦν
404 2988 648 3075 ἀποβλέπομεν,
680 2993 758 3067 τοὺς
784 2993 1000 3076 τραπεζῆας
1026 2995 1148 3055 πυλα-

205 3137 239 3186 26
263 3129 343 3186 Hom.
355 3129 426 3185 ILX
437 3135 484 3184 69:
504 3133 662 3198 τραπεζῆας
680 3128 844 3198 πυλαωρούς
863 3127 915 3197 (sic
933 3127 1060 3198 plerique
1079 3127 1148 3183 libri

133 3218 219 3257 manu
238 3200 350 3270 scripii3
370 3199 421 3254 alii
440 3217 503 3254 cum
521 3200 684 3255 Aristarcho
703 3199 889 3271 θυραωρούς).

206 3325 331 3388 6τιθελς
354 3325 387 3381 S:
409 3342 479 3381 οοκν.
501 3325 528 3380 0.
549 3325 663 3380 Schenkl
703 3327 711 3392 ΙΙ
753 3323 1003 3394 θάπερισπάστων
1027 3323 1060 3378 S:
1078 3340 1147 3380 corr.

136 3397 163 3453 0.
183 3397 311 3462 θολευλλ;
329 3404 525 3464 περιοπαστῶν
548 3396 702 3450 Salmasius
728 3397 738 3463 ΙΙ
765 3390 875 3468 9<ἒν>
894 3396 959 3450 αάώ.
983 3395 1044 3465 Πγλ.
1077 3397 1086 3464 ΙΙ
1116 3401 1147 3448 12

134 3485 184 3523 σου
204 3469 238 3523 S:
261 3484 330 3523 corr.
355 3468 418 3537 Upt.
445 3469 455 3536 ΙΙ
484 3473 517 3520 13
530 3465 691 3537 κακόρυγχα
707 3465 740 3521 S:
755 3483 823 3522 corr.
845 3466 943 3523 Goraes
969 3468 978 3534 ΙΙ
1007 3473 1040 3520 20
1055 3465 1149 3528 αίόλος

134 3539 167 3594 S:
186 3556 255 3594 corr.
275 3556 287 3592 ε
319 3541 328 3608 11
359 3543 394 3592 26
412 3535 549 3609 τραπέζης
568 3538 601 3593 S:
619 3553 687 3593 οονν.
713 3537 773 3607 Upt.

936 3627 988 3678 18*
