2636 3922
50 145 53 159 ⁴
174 165 219 230 90
321 167 504 220 APPIANOT
522 167 596 219 που
614 168 831 219 εωιςοιεοον
848 166 1044 220 mmmm

174 329 255 394 ὅταν
282 327 378 395 αὐτοὶ
406 328 693 413 κατασφάξανται,
716 339 817 395 ταῦτα
841 328 902 395 οὐκ
926 331 994 394 ἔστι
1017 329 1115 407 κακά;
1144 365 1189 374 -

123 453 157 502 2⁷
177 439 295 502 Πόθεν
315 429 492 501 οὖντοῦτο
514 433 761 518 προσδοξάζειςς
784 431 866 519 κάμὲ
890 433 1035 513 δίδαξον.
1057 473 1094 482 -
1122 436 1189 500 Οὐ·

121 560 155 609 28
174 542 258 609 ἀλλὰ
286 543 394 607 πόθεν
418 542 459 605 σύ
483 539 588 624 λέγεις
610 540 661 605 ὅτι
691 539 752 606 οὐκ
782 543 850 605 ἔστι
871 541 969 618 κακά;
992 577 1037 588 -
1057 539 1189 606 Ἕλθω-

175 672 236 733 μεν
260 646 314 714 ἐπὶ
336 649 414 725 τοὺς
436 649 591 731 κανόνας,
612 645 693 733 φέρε
716 648 774 724 τὰς
796 649 986 732 προλήψεις.

240 757 308 820 Διδι
339 765 436 822 τοῦτο
468 756 531 842 γάρ
565 754 626 820 οὐκ
659 756 748 819 ἔστιν
785 756 905 832 ἱκανῶς
940 756 1111 840 θαυμάσαι
1147 759 1187 823 τὸ
1218 779 1233 820 5

173 863 361 946 γινόμενον.
407 862 492 928 ὅπου
514 861 601 948 βάρη
624 873 736 948 κρῖναι
758 860 916 946 θέλομεν,
939 861 1000 927 οὐκ
1023 863 1094 947 εἰκῇ
1117 865 1189 946 κρί-

120 986 154 1034 29
172 988 290 1053 νομεν·
318 969 403 1034 ὅπου
425 969 465 1032 τά
488 966 592 1034 εὐθέα
615 965 670 1033 καὶ
694 967 850 1053 στρεβλά,
878 967 940 1034 οὐκ
962 969 1047 1054 εἰκῇ·
1076 966 1189 1046 ἁπλῶς

173 1076 258 1142 ὅπου
282 1072 431 1160 διαφέρει
450 1073 530 1158 ἡμῖν
549 1084 675 1157 γνῶναι
694 1076 731 1140 τὸ
751 1075 832 1139 κατὰ
854 1076 914 1140 τὸν
932 1077 1036 1141 τόπον
1055 1073 1188 1160 ἀληθές,

120 1200 154 1248 ³0
174 1178 334 1248 οὐδέποθ’
359 1180 454 1263 ἡμῶν
482 1177 592 1257 οὐδεὶς
623 1177 725 1246 οὐδὲν
755 1183 825 1266 εἰκῇ
852 1171 993 1265 ποιήσει.
1038 1181 1122 1248 ὅπου
1150 1179 1189 1247 δὲ

173 1290 210 1353 τὸ
238 1298 371 1372 πρῶτον
402 1285 457 1351 καὶ
489 1289 594 1371 μόνον
623 1289 731 1353 αίνιόν
759 1287 828 1353 έστι
855 1299 916 1355 τοῦ
947 1295 1139 1374 κατορθοῦν
1165 1289 1233 1373 ἣιο
1279 1322 1284 1332 ·

174 1392 391 1478 ἁμαρτάνειν,
418 1402 478 1459 τοῦ
505 1393 638 1477 εὐροεῖν
666 1394 686 1477 ἢ
714 1395 888 1478 δυσροεῖν,
917 1404 977 1460 τοῦ
1005 1395 1139 1482 ἀτυχεῖν
1166 1396 1188 1480 ἣ

173 1499 338 1585 εὐτυχεῖν,
361 1499 484 1564 ἐνθάδε
508 1503 614 1584 μόνον
637 1502 755 1567 είκαῖοι
781 1499 836 1566 καὶ
858 1513 1041 1587 προπετεῖς.
1087 1502 1188 1568 οὐδα-

173 1616 239 1690 μοῦ
262 1606 379 1690 ὅμοιόν
402 1630 433 1670 τι
458 1609 557 1694 ζυγῷ,
580 1605 732 1689 οὐδαμοῦ
755 1606 874 1691 ὅμοιόν
896 1631 928 1671 τι
950 1610 1078 1688 κανόνι,
1104 1607 1188 1674 ἀλλά

120 1731 155 1779 ει
174 1737 205 1777 τι
234 1711 339 1798 έφάνη
367 1710 422 1777 καὶ
450 1712 554 1789 εὐθύς
585 1722 669 1776 ποιῶ
697 1713 734 1777 τὸ
764 1710 879 1796 φανέν.
933 1715 1096 1796 κρείσσων
1123 1712 1187 1798 γάρ

173 1821 240 1902 εἰμι
260 1829 320 1886 τοῦ
335 1815 578 1902 Ἀγαμέμνονος
596 1817 617 1902 ἢ
637 1827 698 1883 τοῦ
714 1814 897 1904 Ἀχιλλέως,
919 1815 964 1883 ἵν’
987 1818 1106 1884 έκεῖνοι
1126 1816 1188 1904 μὲν
1203 1840 1232 1880 ιε

174 1926 231 1990 διὰ
262 1928 300 1990 τὸ
333 1924 561 2007 ἀκολουθῆσαι
593 1935 662 2002 τοῖς
694 1922 911 2010 φαινομένοις
941 1936 1077 1992 τοιαῦτα
1103 1927 1189 1992 κακά

174 2030 338 2112 ποιήσωσι
365 2028 421 2095 καλ
447 2031 618 2113 πάθωσιν,
652 2029 725 2116 έμοὶ
758 2027 795 2096 δὲ
822 2033 867 2116 μὴ
895 2030 978 2117 ἀρκῇ
1005 2035 1043 2098 τὸ
1071 2037 1189 2118 φαινό-

122 2155 156 2204 32
176 2159 293 2219 μενον;
317 2133 373 2201 καὶ
395 2140 475 2201 ποία
496 2137 664 2226 νραγφδία
691 2139 797 2222 άλλην
820 2138 926 2223 ἀρχὴν
951 2141 1032 2224 ἔχεις
1057 2135 1190 2226 Ἀτρεὺς

176 2241 364 2326 Εὐριπίδου
391 2246 426 2307 τί
450 2243 533 2321 έστι;
561 2246 599 2309 τὸ
629 2247 843 2329 φαινόμενον.
891 2246 1053 2323 Οἰδίπους
1075 2250 1188 2332 Σοφο-

173 2346 291 2426 κλέους
307 2352 343 2414 τί
358 2348 440 2434 έστις
460 2352 497 2416 τὸ
513 2352 728 2435 φαινόμενον.
762 2349 895 2429 Φοῖνιξ;
915 2353 953 2416 τὸ
972 2354 1187 2436 φαινόμενον.
1203 2373 1234 2414 νο
1311 2395 1312 2422 ;

121 2476 155 2524 33
169 2452 376 2536 Ἱππόλυτος;
397 2459 434 2530 ,τὸ
453 2459 668 2542 φαινόμενον.
713 2457 834 2522 τούτου
854 2451 917 2524 οὐν
935 2459 1100 2542 μηδεμίαν
1119 2457 1189 2524 έπι-
1311 2441 1312 2455 ¹

174 2563 308 2648 μέλειαν
330 2570 514 2646 ποιεῖσθαι,
536 2566 627 2640 τίνος
643 2562 725 2647 ὑμῖν
744 2564 850 2642 δοκεῖς
872 2545 960 2642 τίνες
978 2560 1016 2630 δὲ
1035 2564 1189 2648 λέγονται

175 2670 210 2735 οί
225 2667 325 2735 παντὶ
343 2678 387 2757 τῷ
403 2668 594 2758 φαινομένῳ
613 2668 893 2748 άκολουθοῦντες;
912 2707 949 2718 -
966 2674 1190 2755 Μαινόμενοι.

178 2811 216 2821 -
236 2773 352 2859 Ἡμεῖς
370 2770 437 2871 Ιοὐν
459 2777 542 2842 άλλό
564 2799 596 2841 τι
619 2786 796 2860 ποιοῦμεν;

249 3009 280 3058 17
301 3001 338 3073 μὴ
357 3003 409 3059 δελ.
428 3002 512 3057 δολιο.
545 3006 554 3072 u
588 3011 619 3058 19
640 3002 812 3073 οοφοκλέονς
830 3005 852 3060 S
873 3009 933 3075 (ους
951 3023 964 3060 e
983 3022 1052 3062 τοοκ.
1071 3023 1090 3060 α
1109 3006 1148 3070 Β.)
