2650 3930
146 173 192 230 (11,
208 179 240 230 ιε,
255 178 342 230 ιι-ιι,
359 173 380 224 ι)
421 164 575 219 ΒΙΒΛΙΟΝ
592 164 793 219 ΔΕΤΤΕΡΟΝ.
815 163 864 233 ιγ’.
885 165 935 220 ιδ’.
1100 165 1165 230 145

454 534 511 604 ιδ’.
548 538 655 622 Πρὸς
677 537 858 604 Νάσωνα.

215 682 442 757 Εἰσελθόντος
463 680 554 757 τινδς
571 690 638 745 τῶν
656 676 845 764 Ῥωμαϊκῶν
866 681 948 765 μετδι
965 680 1068 766 (τοῦ)
1086 683 1165 748 υίοῦ
1185 698 1200 745 1

146 784 204 853 καὶ
219 786 440 863 ἐπακούονιος
454 783 528 863 ἑνὸς
546 783 802 871 ἀναγνώσματος
822 781 940 871 Οὗτος,
959 789 1034 873 ἔφη,
1053 787 1071 854 ὁ
1090 791 1166 874 τρό-

147 915 212 970 πος
234 891 303 959 έστλ
326 901 384 978 τῆς
407 892 621 970 διδασκαλίας
638 889 694 958 καὶ
716 887 955 978 ἀπεσιώπησεν.
992 891 1165 973 ἀξιοῦντος
1183 910 1200 957 2

117 996 180 1065 ιδ’
204 997 335 1066 ἐκείνου
357 998 446 1085 ἐρεῖν
467 1000 509 1064 τὰ
527 996 601 1083 ἑξῆς
622 1001 740 1065 Κόπον
763 1002 840 1085 ἔχει,
864 1002 940 1086 ἔφη,
960 1009 1049 1065 πᾶσα
1067 999 1164 1087 τέχνῆ

148 1114 195 1194 τῷ
220 1106 336 1191 ἰδιώτῃ
358 1102 415 1171 καὶ
438 1101 563 1193 ἀπείρῳ
586 1104 696 1190 αὐτῆς,
725 1106 804 1171 ὅταν
826 1107 1064 1190 παραδίδοται.
1108 1105 1199 1173 καλε

148 1213 189 1277 τὰ
212 1207 273 1297 μὲν
297 1209 362 1277 ἀπὸ
380 1221 448 1277 τῶν
466 1222 593 1297 τεχνῶν
612 1214 773 1296 γινόμενα
789 1214 852 1297 τῆν
869 1236 903 1279 τε
922 1216 1037 1299 χρείαν
1060 1213 1166 1291 εὐθὺς

150 1317 358 1384 ἐνδείκνυται
390 1320 473 1404 πρὸς
504 1316 522 1383 ὃ
555 1315 694 1401 γέγονεν
726 1316 782 1384 καὶ
813 1319 854 1383 τὰ
885 1324 1021 1385 πλεῖστα
1053 1319 1164 1386 αὐτῶν

149 1426 217 1509 ἔχει
240 1448 271 1489 τι
294 1420 349 1489 καὶ
371 1423 505 1508 ἀγωγὸν
523 1421 579 1488 καὶ
597 1422 736 1510 έπίχαρι.
773 1421 829 1489 καὶ
851 1426 915 1508 γὰρ
939 1430 1077 1503 σκυτεδς
1094 1437 1164 1504 πῶς
1182 1441 1201 1489 4

104 1556 137 1596 ιο
150 1527 212 1615 μέν
234 1530 400 1615 μανθάνει
418 1553 468 1608 τις
484 1540 639 1615 παρεῖναι
656 1528 712 1595 καὶ
730 1536 1000 1616 παρακολουθεῖν
1018 1531 1164 1617 ἀτερπές,

149 1637 188 1702 τὸ
217 1634 246 1701 δ’
273 1636 429 1721 ὑπόδημα
455 1636 619 1722 χρῆσιμον
645 1631 701 1700 καὶ
729 1637 815 1701 ίδεῖν
842 1638 950 1715 ἄλλως
972 1638 1034 1703 οὐκ
1056 1637 1164 1723 ἀηδές.

149 1741 205 1808 καὶ
227 1740 380 1820 τέκτονος
396 1742 417 1826 ῆ
436 1738 498 1827 μὲν
516 1741 662 1826 μόθῆσις
683 1741 805 1827 ἀνιαρὰ
825 1742 965 1827 μάλιστα
982 1751 1028 1831 τῷ
1048 1744 1199 1830 ίδιώτχγο

148 1849 453 1935 παρατυγχάνοντι,
481 1850 520 1914 τδ
542 1845 579 1938 δ’
607 1850 707 1931 ἔργον
735 1846 939 1914 ἐπιδείκνυσι
966 1849 1027 1932 τῆν
1049 1853 1164 1935 χρείαν

147 1964 208 2040 τῆς
230 1954 352 2042 τέχνης.
397 1957 483 2021 πολὺ
508 1952 545 2020 δὲ
568 1959 696 2040 μᾶλλον
714 1953 768 2020 ἐπὶ
786 1965 946 2040 μουσικῆς
969 1957 1044 2034 όῆει
1067 1955 1200 2022 αὐτό·ο

104 2085 134 2126 ιε
148 2047 192 2128 ἂν
214 2063 278 2147 γὰρ
301 2069 408 2147 παρῆς
428 2070 474 2150 τῷ
503 2059 748 2151 διδασκομέυρι,
775 2065 933 2147 φανεῖταί
952 2078 1006 2128 σοι
1028 2062 1164 2129 πάντων

148 2167 390 2253 ἀτερπέστατον
407 2168 446 2232 τὸ
467 2166 618 2252 μαθημα,
640 2167 681 2232 τὰ
699 2166 813 2252 μέντοι
836 2165 901 2233 ἀπὸ
923 2176 981 2252 τῆς
1003 2177 1164 2252 μουσικῆς

147 2272 231 2358 ῆδία
249 2271 305 2340 καὶ
324 2272 479 2359 ἐπιτερπῆ
497 2284 567 2348 τοῖς
586 2273 734 2350 ἰδιώταις
751 2273 896 2339 ἀκούειν.
941 2271 996 2338 καὶ
1015 2271 1163 2340 ἐνταῦθα
1183 2290 1198 2338 ι

147 2382 186 2446 τὸ
214 2377 276 2465 μὲν
303 2383 404 2466 ἔργον
431 2388 491 2444 τοῦ
514 2383 780 2464 φιλοσοφοῦντος
808 2380 962 2444 τοιοῦτόν
984 2401 1015 2444 τι
1038 2402 1164 2464 φαντα-

149 2489 290 2571 ζόμεθα,
318 2485 369 2552 ότι
393 2487 447 2550 δεῖ
466 2485 528 2568 τῆν
551 2483 655 2550 αὑτοῦ
678 2484 840 2569 βούλησιν
863 2487 1072 2568 συναρμόσαι
1094 2496 1164 2562 τοῖς

105 2616 134 2656 ιο
147 2591 339 2678 γινομένοις
365 2592 411 2668 ὡς
437 2592 517 2675 μῆτε
539 2613 572 2655 τι
595 2601 662 2655 τῶν
685 2587 872 2673 γινομένων
895 2585 1045 2654 ἀκόντων
1067 2589 1163 2675 ῆμῶν

146 2701 306 2783 γίνεσθαι
333 2699 413 2782 μήτε
439 2707 507 2764 τῶν
529 2697 574 2781 μῆ
597 2692 784 2780 γινομένων
806 2696 978 2760 θελόντων
1000 2693 1094 2780 ἡμῶν
1116 2698 1161 2782 μῆ

221 2930 322 2993 20sqq.
331 2924 366 2979 of.
376 2924 461 2980 Ench.
471 2929 501 2979 8:
516 2923 566 2992 Μὴ
577 2921 652 2990 ζήτει
664 2921 700 2978 τὰ
713 2919 848 2992 γινόμενα
862 2923 995 2992 γίνεσθαι
1009 2923 1046 2985 ὡς
1058 2921 1161 2992 θέλεις,

149 2997 221 3052 ἀλλὰ
238 2994 307 3051 θέλε
320 2995 356 3050 τδι
369 2992 504 3065 γινόμενα
523 2995 560 3057 ὡς
577 2994 685 3063 γίνεται
699 2991 748 3047 καλ
762 2991 917 3064 εόροῆσεις;
937 2993 1085 3064 Georgidis
1099 2995 1162 3054 cod.

149 3068 219 3124 Ven,
238 3067 288 3126 fol.
304 3065 383 3121 106b=
401 3069 529 3120 Στωικοί)
548 3063 637 3135 λόγος·
663 3059 760 3133 ἐπειδὴ
780 3065 813 3118 οό
831 3066 940 3133 γίνεται
957 3065 993 3120 τὰ
1010 3064 1161 3136 πράγματα

149 3139 187 3201 ὡς
205 3137 377 3212 βουλόμεθα,
396 3137 433 3199 ὡς
450 3135 487 3190 δν
505 3133 617 3218 γίνηται
635 3136 754 3206 (γίνεται
772 3135 845 3203 cod.)
864 3136 1031 3208 βουλόμεθα
1050 3135 1162 3209 (βουλό-

150 3213 227 3279 μεθα
245 3209 331 3278 cod.);
350 3207 423 3262 idem
444 3207 502 3262 fere
521 3205 670 3262 ΑιιιῖολοΙί
688 3204 862 3276 adscriptum
875 3207 905 3260 in
920 3206 998 3268 Stob.
1013 3206 1072 3266 flor.
1087 3214 1112 3276 3,
1127 3214 1161 3263 113

151 3283 187 3350 (1,
201 3286 236 3335 20
256 3281 360 3348 Hense)
380 3278 493 3349 legitur.

149 3389 363 3403 ——u--¹·-

220 3456 350 3530 2<τοῦ>
368 3458 454 3512 inm
493 3457 502 3524 ῆ
543 3454 672 3525 οεδρεῖν
691 3453 724 3510 S:
742 3470 844 3510 συνκε
883 3457 893 3525 fl
934 3459 967 3509 10
987 3451 1111 3525 ἀπρεπές
1129 3454 1161 3510 S:

149 3543 218 3585 corr.
242 3529 304 3600 Upt.
336 3532 346 3599 ΙΙ
378 3533 411 3583 19
431 3527 518 3582 αὐτοῦ
533 3525 567 3582 S:
585 3542 653 3581 οοκν.
673 3525 735 3594 Πμῖ.

203 3627 347 3668 Εειοπτνε.
968 3617 1002 3668 10
