2636 3930
105 223 165 279 (111,
181 229 214 279 22,
227 225 316 274 41-56)
423 214 576 266 Rumon
594 216 733 268 TmToN.
760 213 816 285 ιμ’.
1057 212 1121 276 271

107 371 182 438 πότ’
211 372 387 439 ἐνεκάλεσά
409 397 490 452 τινι;
518 376 562 458 μή
590 397 640 450 τις
662 375 757 458 ὑμῶν
780 374 1061 459 ἐσκυθρωπακότα
1083 399 1124 458 με

108 475 215 557 εἶδενς
239 489 308 555 πῶς
332 475 362 543 δ’
390 477 580 564 ἐντυγχάνω
603 481 743 561 τούτοις,
767 479 826 556 οὓς
842 480 937 564 ὑμεῖς
959 485 1122 565 φοβεῖσθε
1143 500 1176 548 ιο
1225 473 1227 480 “
1304 469 1305 518 l

109 583 167 650 καλ
189 584 387 669 θαυμάζετε;
412 585 473 669 οὐχ
492 586 537 662 ὡς
555 585 792 670 ἀνάραπόὸοις;
816 589 865 663 τίς
885 609 924 670 με
945 587 1027 653 ίάὼν
1051 585 1125 672 οὐχὶ

109 694 170 757 τὸν
194 689 332 775 βασιλέα
353 692 412 756 τὸν
436 688 557 758 ἑαυτοῦ
580 692 664 776 ὁρᾶν
687 697 789 756 οίεται
812 689 867 756 καὶ
888 693 1079 776 ἀεσπότην;’
1305 743 1306 748 1

77 823 92 863 ε
171 794 240 861 Ἴδε
258 794 389 861 κυνικαὶ
408 800 530 880 φωναί,
554 797 604 861 we
623 798 800 882 χαρακτήρ,
825 792 868 860 ἴδ’
884 795 1037 881 ἐπιβολή.
1069 797 1123 862 ού·
1144 819 1178 866 ιο
1304 851 1306 882 ,

111 902 196 967 ἀλλά
223 903 380 989 πηρίάιον
402 900 457 967 καὶ
486 901 587 980 ξύλον
613 900 668 967 καὶ
697 902 820 985 γνάθοι
848 901 1000 986 μεγάλαι·
1028 926 1124 968 κατα·
1306 915 1307 928 ’

111 1019 234 1092 φαγεῖν
248 1017 315 1074 πᾶν
334 1008 352 1073 ὃ
371 1007 415 1073 ἀν
429 1009 495 1094 δῷς
512 1007 533 1091 ἣ
553 1007 822 1093 ἀποθησαυρίσαι
840 1007 861 1092 ἢ
875 1018 944 1085 τοῖς
957 1007 1126 1074 ἀπαντῶσι

111 1116 344 1198 λοιδορεῖσθαι
376 1112 519 1196 ἀκαίρως
551 1113 571 1197 ἢ
603 1117 706 1180 καλὸν
738 1116 798 1180 τὸν
830 1110 922 1199 ὦμον
950 1116 1125 1180 δεικνύειν.

111 1221 295 1308 τηλικούτῳ
319 1219 484 1305 πράγματι
502 1219 582 1306 ὁρᾷς
606 1231 676 1296 πῶς
694 1219 822 1305 μέλλεις
850 1219 1025 1307 ἐγχειρεῖν;
1054 1223 1126 1286 ἔσο·
1146 1238 1178 1286 51
1307 1265 1308 1268 =

69 1353 98 1391 ιο
111 1347 218 1411 πτρον
244 1337 375 1411 πρῶτον
402 1324 498 1409 λάβε,
531 1327 581 1390 ίάε
612 1342 673 1390 σου
702 1329 780 1404 τοὺς
803 1329 929 1411 ὤμους,
956 1327 1126 1411 κατάμαθε

112 1432 174 1514 τὴν
203 1431 328 1516 ὀσφύν,
356 1433 434 1506 τοὺς
461 1432 594 1517 μηρούς.
636 1429 798 1516 Ὀλύμπια
824 1431 954 1517 μέλλεις
982 1432 1127 1518 ἀπογρά-

113 1542 256 1622 φεσθαι,
285 1537 459 1622 άνθρωπε,
489 1536 567 1621 οὐχί
586 1537 661 1601 τινά
683 1557 761 1602 ποτε
785 1536 897 1619 ἀγῶνα
918 1539 1049 1622 ψυχρὸν
1072 1536 1126 1603 καὶ

113 1646 332 1726 ταλαίπωρον.
369 1641 431 1707 οὐκ
450 1644 539 1706 ἐστιν
558 1639 595 1706 ἐν
610 1638 800 1726 Ὀλυμπίοις
820 1647 1000 1726 νικηθῆναι
1019 1645 1125 1726 μόνον
1146 1661 1179 1708 οε

114 1745 170 1813 καὶ
194 1746 358 1829 ἐξελθεῖν,
385 1746 469 1812 ἀλλά
496 1757 628 1831 πρῶτον
656 1743 718 1830 μὲν
745 1746 824 1830 ὅλης
850 1754 909 1829 τῆς
931 1746 1127 1832 οἰκουμένης

73 1880 100 1920 1⁵
115 1853 302 1938 βλεπούσης
323 1854 377 1917 ἀεῖ
398 1851 640 1944 ἀσχημονῆσαι,
668 1850 743 1937 οὐχὶ
767 1848 955 1936 Ἀθηναίων
978 1855 1084 1936 μόνον
1107 1854 1127 1938 ἢ

115 1960 391 2043 Λακεδαιμονίων
414 1959 435 2043 ἣ
456 1962 702 2041 Νικοπολιτῶν,
725 1952 795 2023 εἶτα
818 1956 873 2023 καὶ
896 1957 1054 2043 δέρεσθαι
1078 1961 1131 2026 δεῖ

115 2068 175 2132 τὸν
195 2067 265 2150 είκῇ
285 2063 474 2148 ἐξελθόντα,
496 2068 560 2149 πρὸ
579 2062 617 2130 δὲ
635 2074 696 2130 τοῦ
715 2066 858 2150 δαρῆναι
877 2066 1026 2150 ἀιψῆσαι,
1049 2091 1128 2131 καυ-

116 2178 333 2257 ματισθηναι,
355 2172 482 2253 πολλὴν
505 2170 595 2255 ἁφὴν
617 2183 797 2237 καταπιεῖν.

185 2278 373 2342 Βούλευσαι
392 2272 653 2360 ἐπιμελέστερον,
671 2281 780 2358 γνῶθι
796 2280 931 2360 σαυτόν,
945 2276 1128 2361 ἀνάκρινον
1147 2293 1180 2341 53

77 2409 104 2447 εο
116 2384 154 2449 τὸ
179 2383 365 2465 δαιμόνιον,
388 2383 465 2466 δίχα
482 2387 567 2446 θεοῦ
586 2382 630 2466 μὴ
650 2381 864 2467 ἐπιχειρήσῃς.
902 2381 945 2446 ἀν
964 2384 1026 2464 γάρ
1048 2399 1129 2466 συμ-

117 2489 296 2574 βουλεύσῃ,
319 2494 391 2552 ίσθι
415 2487 465 2552 ὄτι
488 2485 592 2571 μέγαν
611 2502 647 2551 σε
665 2486 759 2552 θέλει
782 2485 940 2568 γενέσθαι
960 2487 980 2571 ἦ
1004 2487 1129 2563 πολλὰς

117 2594 245 2678 πληγάς
271 2597 394 2677 λαβεῖν.
439 2591 494 2658 καὶ
521 2595 585 2679 γάρ
612 2601 710 2658 τοῦτο
738 2595 814 2658 λίαν
836 2594 966 2677 κομψὸν
989 2600 1034 2679 τῷ
1059 2595 1128 2656 Κυ-
1148 2609 1181 2656 54

119 2708 201 2787 νικῷ
225 2696 502 2785 παραπέπλεκται·
525 2697 684 2783 δέρεσθαι
706 2698 809 2763 αὐτὸν
832 2699 887 2762 δεῖ
906 2698 951 2775 ὡς
973 2699 1054 2763 ὄνον
1076 2696 1131 2763 καλ

120 2806 302 2890 ἀερόμενον
335 2809 447 2888 φιλεῖν
483 2804 604 2881 αὐτούς
635 2805 713 2880 τοὺς
744 2801 901 2889 ἀέροντας
933 2803 977 2880 ὧς
1007 2801 1132 2888 πατέρα

82 2932 107 2973 ει
120 2911 266 2993 πάντων,
290 2910 334 2987 ὡς
356 2910 511 2994 ἀδελφόν.
553 2911 606 2975 ού·
631 2909 702 2976 ἀλλ’
725 2911 766 2974 ἀν
789 2913 839 2985 τίς
861 2926 898 2975 σε
921 2907 1013 2994 ἀέρη,
1031 2911 1131 2995 κραύ-
1150 2925 1184 2975 55

121 3019 195 3099 γαζε
225 3015 302 3091 στάς
329 3013 366 3080 ἐν
388 3025 434 3103 τῷ
463 3018 550 3104 μέσῳ
580 3010 617 3079 ‘0³2
646 3017 792 3099 Καῖσαρ,
821 3012 858 3078 ἐν
884 3023 923 3099 τῇ
951 3023 992 3098 σῇ
1016 3017 1131 3100 εἰρήνη

122 3113 176 3187 οἷα
198 3121 326 3205 πάσχως
355 3123 486 3206 άγωμεν
510 3119 562 3186 ἐπὶ
589 3123 648 3186 τὸν
672 3118 889 3187 ἀνθύπατον’.
934 3123 1070 3207 Κυνικρῖ
1094 3117 1131 3185 δὲ
1150 3137 1184 3188 σε

123 3230 254 3312 Καῖσαρ
281 3230 316 3291 τί
340 3223 431 3292 ἐστιν
458 3227 479 3310 ἢ
508 3227 699 3304 ἀνθύπατος
725 3225 745 3310 ἢ
774 3228 874 3303 ἀλλος
900 3226 920 3310 ἢ
948 3226 966 3292 ὁ
994 3248 1133 3291 καταπε-

196 3486 267 3543 ῖάν
286 3490 397 3558 scripsi:
415 3484 508 3544 ἐὰνδ
535 3491 545 3556 ss
576 3494 609 3543 21
628 3486 712 3557 θέληι
731 3489 846 3545 Sseorr.
865 3507 899 3544 m.
910 3506 954 3559 pr.
983 3491 992 3558 ΙΙ
1019 3495 1053 3543 2⁷
1068 3487 1133 3556 ἀγο-

125 3577 176 3628 μεν
195 3559 231 3614 S.-
249 3575 316 3616 corr.
336 3576 350 3614 s
380 3562 390 3628 ss
421 3565 456 3612 28
474 3562 515 3622 τίς
535 3561 629 3630 (deleto
647 3557 665 3627 ἢ
684 3566 747 3616 ante
766 3559 857 3629 ἀλλος)
877 3560 974 3616 Ουτοιε
