<?xml version="1.0" encoding="UTF-8"?>
<!DOCTYPE html PUBLIC "-//W3C//DTD XHTML 1.0 Transitional//EN"
    "http://www.w3.org/TR/xhtml1/DTD/xhtml1-transitional.dtd">
<html xmlns="http://www.w3.org/1999/xhtml" xml:lang="en" lang="en">
 <head>
  <title>
</title>
<meta http-equiv="Content-Type" content="text/html;charset=utf-8" />
  <meta name='ocr-system' content='tesseract 3.04.00' />
  <meta name='ocr-capabilities' content='ocr_page ocr_carea ocr_par ocr_line ocrx_word'/>
</head>
<body>
  <div class='ocr_page' id='page_1' title='image "./dissertationesa00epicgoog/dissertationesa00epicgoog_0589.png"; bbox 0 0 2588 3914; ppageno 0'>
   <div class='ocr_carea' id='block_1_1' title="bbox 189 200 984 265">
    <p class='ocr_par' dir='ltr' id='par_1_1' title="bbox 189 200 984 265">
     <span class='ocr_line' id='line_1_1' title="bbox 189 200 984 265; baseline 0.003 -11"><span class='ocrx_word' id='word_1_1' title='bbox 189 200 256 265; x_wconf 80' lang='grc'><strong>462</strong></span> <span class='ocrx_word' id='word_1_2' title='bbox 409 203 439 258; x_wconf 81' lang='lat'><strong>0.</strong></span> <span class='ocrx_word' id='word_1_3' title='bbox 464 202 735 255; x_wconf 80' lang='lat' dir='ltr'><strong>GNOMOLOGIUM</strong></span> <span class='ocrx_word' id='word_1_4' title='bbox 752 205 984 256; x_wconf 79' lang='lat' dir='ltr'><strong>EPIOTETEUM</strong></span> 
     </span>
    </p>
   </div>
   <div class='ocr_carea' id='block_1_2' title="bbox 108 347 1272 2343">
    <p class='ocr_par' dir='ltr' id='par_1_2' title="bbox 108 347 1272 2343">
     <span class='ocr_line' id='line_1_2' title="bbox 190 347 1272 432; baseline 0.002 -18"><span class='ocrx_word' id='word_1_5' title='bbox 190 361 272 432; x_wconf 85' lang='lat' dir='ltr'><strong>(quae</strong></span> <span class='ocrx_word' id='word_1_6' title='bbox 300 360 375 415; x_wconf 88' lang='lat' dir='ltr'><strong>infra</strong></span> <span class='ocrx_word' id='word_1_7' title='bbox 401 358 514 430; x_wconf 79' lang='lat' dir='ltr'><strong>integra</strong></span> <span class='ocrx_word' id='word_1_8' title='bbox 535 360 698 429; x_wconf 79' lang='lat' dir='ltr'>exhibebo),</span> <span class='ocrx_word' id='word_1_9' title='bbox 727 363 756 415; x_wconf 93' lang='lat' dir='ltr'><strong>et</strong></span> <span class='ocrx_word' id='word_1_10' title='bbox 784 377 819 416; x_wconf 85' lang='lat' dir='ltr'><strong>ex</strong></span> <span class='ocrx_word' id='word_1_11' title='bbox 845 360 943 416; x_wconf 89' lang='lat' dir='ltr'><strong>codice</strong></span> <span class='ocrx_word' id='word_1_12' title='bbox 965 360 1106 416; x_wconf 82' lang='lat' dir='ltr'><strong>Vaticano</strong></span> <span class='ocrx_word' id='word_1_13' title='bbox 1126 367 1204 430; x_wconf 75' lang='lat'><strong>1144,</strong></span> <span class='ocrx_word' id='word_1_14' title='bbox 1271 347 1272 396; x_wconf 55' lang='lat'><em>³</em></span> 
     </span>
     <span class='ocr_line' id='line_1_3' title="bbox 190 430 1209 502; baseline 0.001 -17"><span class='ocrx_word' id='word_1_15' title='bbox 190 430 270 486; x_wconf 90' lang='lat' dir='ltr'><strong>ouius</strong></span> <span class='ocrx_word' id='word_1_16' title='bbox 293 430 405 501; x_wconf 89' lang='lat' dir='ltr'><strong>copiam</strong></span> <span class='ocrx_word' id='word_1_17' title='bbox 428 430 498 484; x_wconf 89' lang='lat' dir='ltr'><strong>mihi</strong></span> <span class='ocrx_word' id='word_1_18' title='bbox 521 431 643 502; x_wconf 83' lang='lat' dir='ltr'><strong>benigne</strong></span> <span class='ocrx_word' id='word_1_19' title='bbox 666 431 735 486; x_wconf 89' lang='lat' dir='ltr'><strong>fecit</strong></span> <span class='ocrx_word' id='word_1_20' title='bbox 755 432 844 499; x_wconf 81' lang='lat' dir='ltr'><strong>Elter3</strong></span> <span class='ocrx_word' id='word_1_21' title='bbox 868 432 893 485; x_wconf 92' lang='lat' dir='ltr'><strong>is</strong></span> <span class='ocrx_word' id='word_1_22' title='bbox 917 432 993 487; x_wconf 91' lang='lat' dir='ltr'><strong>enim</strong></span> <span class='ocrx_word' id='word_1_23' title='bbox 1015 449 1113 486; x_wconf 89' lang='lat' dir='ltr'><strong>rursus</strong></span> <span class='ocrx_word' id='word_1_24' title='bbox 1132 432 1209 486; x_wconf 89' lang='lat' dir='ltr'><strong>inter</strong></span> 
     </span>
     <span class='ocr_line' id='line_1_4' title="bbox 190 501 1204 573; baseline 0.001 -17"><span class='ocrx_word' id='word_1_25' title='bbox 190 502 261 556; x_wconf 82' lang='lat' dir='ltr'><strong>elias</strong></span> <span class='ocrx_word' id='word_1_26' title='bbox 285 501 356 556; x_wconf 87' lang='lat' dir='ltr'><strong>dues</strong></span> <span class='ocrx_word' id='word_1_27' title='bbox 380 517 395 555; x_wconf 95' lang='lat' dir='ltr'><strong>e</strong></span> <span class='ocrx_word' id='word_1_28' title='bbox 419 501 569 556; x_wconf 77' lang='lat' dir='ltr'><strong>sententiis</strong></span> <span class='ocrx_word' id='word_1_29' title='bbox 587 502 775 557; x_wconf 87' lang='lat' dir='ltr'><strong>Moschioneis</strong></span> <span class='ocrx_word' id='word_1_30' title='bbox 799 519 864 557; x_wconf 90' lang='lat' dir='ltr'><strong>cum</strong></span> <span class='ocrx_word' id='word_1_31' title='bbox 881 502 1008 573; x_wconf 76' lang='lat' dir='ltr'><strong>Epicteti</strong></span> <span class='ocrx_word' id='word_1_32' title='bbox 1025 504 1141 558; x_wconf 90' lang='lat' dir='ltr'><strong>nomine</strong></span> <span class='ocrx_word' id='word_1_33' title='bbox 1161 520 1204 557; x_wconf 85' lang='lat' dir='ltr'><strong>ex·</strong></span> 
     </span>
     <span class='ocr_line' id='line_1_5' title="bbox 189 571 1205 644; baseline 0.003 -19"><span class='ocrx_word' id='word_1_34' title='bbox 189 571 278 628; x_wconf 88' lang='lat' dir='ltr'><strong>hibet.</strong></span> <span class='ocrx_word' id='word_1_35' title='bbox 315 589 372 641; x_wconf 87' lang='lat' dir='ltr'><strong>qua</strong></span> <span class='ocrx_word' id='word_1_36' title='bbox 390 589 428 640; x_wconf 91' lang='lat' dir='ltr'><strong>re,</strong></span> <span class='ocrx_word' id='word_1_37' title='bbox 447 571 561 626; x_wconf 83' lang='lat' dir='ltr'><strong>etiamsi</strong></span> <span class='ocrx_word' id='word_1_38' title='bbox 583 573 657 628; x_wconf 91' lang='lat' dir='ltr'><strong>nibil</strong></span> <span class='ocrx_word' id='word_1_39' title='bbox 674 573 753 627; x_wconf 84' lang='lat' dir='ltr'><strong>aliud</strong></span> <span class='ocrx_word' id='word_1_40' title='bbox 772 573 962 643; x_wconf 72' lang='lat' dir='ltr'><strong>suspicionem</strong></span> <span class='ocrx_word' id='word_1_41' title='bbox 983 580 1125 644; x_wconf 85' lang='lat' dir='ltr'><strong>moveret,</strong></span> <span class='ocrx_word' id='word_1_42' title='bbox 1153 574 1205 629; x_wconf 90' lang='lat' dir='ltr'><strong>hoc</strong></span> 
     </span>
     <span class='ocr_line' id='line_1_6' title="bbox 190 643 1206 715; baseline 0.001 -18"><span class='ocrx_word' id='word_1_43' title='bbox 190 661 276 697; x_wconf 90' lang='lat' dir='ltr'><strong>unum</strong></span> <span class='ocrx_word' id='word_1_44' title='bbox 304 643 405 698; x_wconf 82' lang='lat' dir='ltr'><strong>saltem</strong></span> <span class='ocrx_word' id='word_1_45' title='bbox 433 643 605 714; x_wconf 89' lang='lat' dir='ltr'><strong>efficeretur,</strong></span> <span class='ocrx_word' id='word_1_46' title='bbox 632 646 666 698; x_wconf 91' lang='lat' dir='ltr'><strong>ut</strong></span> <span class='ocrx_word' id='word_1_47' title='bbox 692 643 723 698; x_wconf 90' lang='lat' dir='ltr'><strong>in</strong></span> <span class='ocrx_word' id='word_1_48' title='bbox 750 644 871 714; x_wconf 83' lang='lat' dir='ltr'><strong>singulis</strong></span> <span class='ocrx_word' id='word_1_49' title='bbox 894 645 1000 715; x_wconf 81' lang='lat' dir='ltr'><strong>eclogis</strong></span> <span class='ocrx_word' id='word_1_50' title='bbox 1029 645 1065 699; x_wconf 91' lang='lat' dir='ltr'><strong>de</strong></span> <span class='ocrx_word' id='word_1_51' title='bbox 1089 647 1206 700; x_wconf 87' lang='lat' dir='ltr'><strong>auctore</strong></span> 
     </span>
     <span class='ocr_line' id='line_1_7' title="bbox 188 713 1206 785; baseline 0.002 -17"><span class='ocrx_word' id='word_1_52' title='bbox 188 713 383 782; x_wconf 84' lang='lat' dir='ltr'><strong>quaesitentes</strong></span> <span class='ocrx_word' id='word_1_53' title='bbox 402 731 515 785; x_wconf 87' lang='lat' dir='ltr'><strong>prorsus</strong></span> <span class='ocrx_word' id='word_1_54' title='bbox 534 714 636 769; x_wconf 78' lang='lat' dir='ltr'><strong>incerti</strong></span> <span class='ocrx_word' id='word_1_55' title='bbox 653 715 846 783; x_wconf 83' lang='lat' dir='ltr'><strong>haereremus;</strong></span> <span class='ocrx_word' id='word_1_56' title='bbox 872 719 904 769; x_wconf 90' lang='lat' dir='ltr'><strong>ut</strong></span> <span class='ocrx_word' id='word_1_57' title='bbox 921 734 996 772; x_wconf 91' lang='lat' dir='ltr'><strong>nunc</strong></span> <span class='ocrx_word' id='word_1_58' title='bbox 1015 719 1072 784; x_wconf 90' lang='lat' dir='ltr'><strong>est,</strong></span> <span class='ocrx_word' id='word_1_59' title='bbox 1092 715 1206 770; x_wconf 80' lang='lat' dir='ltr'><strong>dubita</strong></span> 
     </span>
     <span class='ocr_line' id='line_1_8' title="bbox 188 785 1206 855; baseline 0.001 -16"><span class='ocrx_word' id='word_1_60' title='bbox 188 785 293 854; x_wconf 90' lang='lat' dir='ltr'><strong>tiones,</strong></span> <span class='ocrx_word' id='word_1_61' title='bbox 322 802 392 854; x_wconf 82' lang='lat' dir='ltr'><strong>quas</strong></span> <span class='ocrx_word' id='word_1_62' title='bbox 417 787 501 839; x_wconf 87' lang='lat' dir='ltr'><strong>antea</strong></span> <span class='ocrx_word' id='word_1_63' title='bbox 518 785 638 855; x_wconf 89' lang='lat' dir='ltr'><strong>protuli,</strong></span> <span class='ocrx_word' id='word_1_64' title='bbox 667 788 806 855; x_wconf 73' lang='lat' dir='ltr'><strong>augentur</strong></span> <span class='ocrx_word' id='word_1_65' title='bbox 829 788 859 840; x_wconf 92' lang='lat' dir='ltr'><strong>et</strong></span> <span class='ocrx_word' id='word_1_66' title='bbox 881 787 1090 841; x_wconf 83' lang='lat' dir='ltr'><strong>confirmantur.</strong></span> <span class='ocrx_word' id='word_1_67' title='bbox 1131 787 1206 842; x_wconf 82' lang='lat' dir='ltr'><strong>colo</strong></span> 
     </span>
     <span class='ocr_line' id='line_1_9' title="bbox 108 847 1207 926; baseline 0.001 -17"><span class='ocrx_word' id='word_1_68' title='bbox 108 847 112 869; x_wconf 89' lang='lat'>&#39;</span> <span class='ocrx_word' id='word_1_69' title='bbox 207 856 284 912; x_wconf 87' lang='lat' dir='ltr'><strong>hone</strong></span> <span class='ocrx_word' id='word_1_70' title='bbox 315 859 410 911; x_wconf 82' lang='lat' dir='ltr'><strong>eutem</strong></span> <span class='ocrx_word' id='word_1_71' title='bbox 443 858 476 910; x_wconf 91' lang='lat' dir='ltr'><strong>ut</strong></span> <span class='ocrx_word' id='word_1_72' title='bbox 507 855 589 911; x_wconf 89' lang='lat' dir='ltr'><strong>aiunt</strong></span> <span class='ocrx_word' id='word_1_73' title='bbox 624 856 705 911; x_wconf 84' lang='lat' dir='ltr'><strong>addit</strong></span> <span class='ocrx_word' id='word_1_74' title='bbox 737 856 882 911; x_wconf 86' lang='lat' dir='ltr'><strong>artissima</strong></span> <span class='ocrx_word' id='word_1_75' title='bbox 917 857 981 926; x_wconf 88' lang='lat' dir='ltr'><strong>illa,</strong></span> <span class='ocrx_word' id='word_1_76' title='bbox 1023 874 1097 926; x_wconf 87' lang='lat' dir='ltr'><strong>quae</strong></span> <span class='ocrx_word' id='word_1_77' title='bbox 1131 858 1207 912; x_wconf 88' lang='lat' dir='ltr'><strong>inter</strong></span> 
     </span>
     <span class='ocr_line' id='line_1_10' title="bbox 187 875 1209 998; baseline 0.001 -18"><span class='ocrx_word' id='word_1_78' title='bbox 187 875 350 997; x_wconf 73' lang='lat' dir='ltr'><strong>IEpictetum</strong></span> <span class='ocrx_word' id='word_1_79' title='bbox 372 929 556 998; x_wconf 84' lang='lat' dir='ltr'><strong>personatum</strong></span> <span class='ocrx_word' id='word_1_80' title='bbox 578 930 608 982; x_wconf 94' lang='lat' dir='ltr'><strong>et</strong></span> <span class='ocrx_word' id='word_1_81' title='bbox 631 927 709 982; x_wconf 78' lang='lat' dir='ltr'><strong>Sexti</strong></span> <span class='ocrx_word' id='word_1_82' title='bbox 733 927 1030 998; x_wconf 76' lang='lat' dir='ltr'><strong>Pythagoreorumque</strong></span> <span class='ocrx_word' id='word_1_83' title='bbox 1052 928 1209 984; x_wconf 88' lang='lat' dir='ltr'><strong>intercedit</strong></span> 
     </span>
     <span class='ocr_line' id='line_1_11' title="bbox 187 997 1208 1069; baseline 0.005 -19"><span class='ocrx_word' id='word_1_84' title='bbox 187 998 383 1064; x_wconf 81' lang='lat' dir='ltr'><strong>familiarites;</strong></span> <span class='ocrx_word' id='word_1_85' title='bbox 413 1015 478 1052; x_wconf 82' lang='lat' dir='ltr'><strong>nam</strong></span> <span class='ocrx_word' id='word_1_86' title='bbox 501 1000 531 1052; x_wconf 91' lang='lat' dir='ltr'><strong>et</strong></span> <span class='ocrx_word' id='word_1_87' title='bbox 555 997 602 1052; x_wconf 92' lang='lat' dir='ltr'><strong>hic</strong></span> <span class='ocrx_word' id='word_1_88' title='bbox 627 1002 657 1053; x_wconf 92' lang='lat' dir='ltr'><strong>et</strong></span> <span class='ocrx_word' id='word_1_89' title='bbox 678 998 738 1052; x_wconf 93' lang='lat' dir='ltr'><strong>illic</strong></span> <span class='ocrx_word' id='word_1_90' title='bbox 761 1001 915 1069; x_wconf 84' lang='lat' dir='ltr'><strong>praecepte</strong></span> <span class='ocrx_word' id='word_1_91' title='bbox 936 999 1055 1054; x_wconf 81' lang='lat' dir='ltr'><strong>moralia</strong></span> <span class='ocrx_word' id='word_1_92' title='bbox 1079 1016 1096 1053; x_wconf 92' lang='lat' dir='ltr'><strong>e</strong></span> <span class='ocrx_word' id='word_1_93' title='bbox 1118 999 1208 1055; x_wconf 77' lang='lat' dir='ltr'><strong>variis</strong></span> 
     </span>
     <span class='ocr_line' id='line_1_12' title="bbox 189 1068 1272 1139; baseline -0.002 -17"><span class='ocrx_word' id='word_1_94' title='bbox 189 1068 314 1124; x_wconf 90' lang='lat' dir='ltr'><strong>fontibus</strong></span> <span class='ocrx_word' id='word_1_95' title='bbox 329 1071 465 1139; x_wconf 83' lang='lat' dir='ltr'><strong>congesta</strong></span> <span class='ocrx_word' id='word_1_96' title='bbox 480 1071 564 1137; x_wconf 84' lang='lat' dir='ltr'><strong>atque</strong></span> <span class='ocrx_word' id='word_1_97' title='bbox 579 1069 616 1122; x_wconf 88' lang='lat' dir='ltr'><strong>ad</strong></span> <span class='ocrx_word' id='word_1_98' title='bbox 629 1069 766 1124; x_wconf 87' lang='lat' dir='ltr'><strong>usitatam</strong></span> <span class='ocrx_word' id='word_1_99' title='bbox 778 1086 945 1138; x_wconf 82' lang='lat' dir='ltr'><strong>gnomarum</strong></span> <span class='ocrx_word' id='word_1_100' title='bbox 954 1070 1073 1125; x_wconf 84' lang='lat' dir='ltr'><strong>formam</strong></span> <span class='ocrx_word' id='word_1_101' title='bbox 1087 1071 1210 1125; x_wconf 82' lang='lat' dir='ltr'><strong>redacte</strong></span> <span class='ocrx_word' id='word_1_102' title='bbox 1271 1071 1272 1120; x_wconf 84' lang='lat' dir='ltr'><strong>l</strong></span> 
     </span>
     <span class='ocr_line' id='line_1_13' title="bbox 188 1139 1207 1210; baseline 0.003 -18"><span class='ocrx_word' id='word_1_103' title='bbox 188 1139 286 1196; x_wconf 83' lang='lat' dir='ltr'><strong>habes.</strong></span> <span class='ocrx_word' id='word_1_104' title='bbox 323 1157 414 1208; x_wconf 90' lang='lat' dir='ltr'><strong>neque</strong></span> <span class='ocrx_word' id='word_1_105' title='bbox 427 1155 543 1209; x_wconf 88' lang='lat' dir='ltr'><strong>prorsus</strong></span> <span class='ocrx_word' id='word_1_106' title='bbox 557 1140 720 1210; x_wconf 81' lang='lat' dir='ltr'><strong>negaverim</strong></span> <span class='ocrx_word' id='word_1_107' title='bbox 738 1139 914 1210; x_wconf 82' lang='lat' dir='ltr'><strong>gnomologii</strong></span> <span class='ocrx_word' id='word_1_108' title='bbox 933 1139 1088 1196; x_wconf 83' lang='lat' dir='ltr'><strong>Stobaeeni</strong></span> <span class='ocrx_word' id='word_1_109' title='bbox 1107 1144 1207 1196; x_wconf 90' lang='lat' dir='ltr'><strong>aucto-</strong></span> 
     </span>
     <span class='ocr_line' id='line_1_14' title="bbox 186 1210 1207 1280; baseline 0.001 -16"><span class='ocrx_word' id='word_1_110' title='bbox 186 1226 246 1264; x_wconf 86' lang='lat' dir='ltr'><strong>rem</strong></span> <span class='ocrx_word' id='word_1_111' title='bbox 268 1210 454 1265; x_wconf 88' lang='lat' dir='ltr'><strong>Encbiridion</strong></span> <span class='ocrx_word' id='word_1_112' title='bbox 472 1210 596 1280; x_wconf 82' lang='lat' dir='ltr'><strong>Epicteti</strong></span> <span class='ocrx_word' id='word_1_113' title='bbox 619 1211 762 1280; x_wconf 82' lang='lat' dir='ltr'><strong>cognitum</strong></span> <span class='ocrx_word' id='word_1_114' title='bbox 781 1211 928 1280; x_wconf 78' lang='lat' dir='ltr'><strong>habuiss03</strong></span> <span class='ocrx_word' id='word_1_115' title='bbox 956 1211 1026 1280; x_wconf 92' lang='lat' dir='ltr'><strong>quin</strong></span> <span class='ocrx_word' id='word_1_116' title='bbox 1053 1212 1145 1266; x_wconf 86' lang='lat' dir='ltr'><strong>etiam</strong></span> <span class='ocrx_word' id='word_1_117' title='bbox 1171 1211 1207 1266; x_wconf 91' lang='lat' dir='ltr'><strong>ad</strong></span> 
     </span>
     <span class='ocr_line' id='line_1_15' title="bbox 187 1280 1272 1360; baseline 0.003 -27"><span class='ocrx_word' id='word_1_118' title='bbox 187 1280 254 1334; x_wconf 90' lang='lat' dir='ltr'><strong>libri</strong></span> <span class='ocrx_word' id='word_1_119' title='bbox 272 1280 349 1335; x_wconf 90' lang='lat' dir='ltr'><strong>illius</strong></span> <span class='ocrx_word' id='word_1_120' title='bbox 369 1281 545 1336; x_wconf 85' lang='lat' dir='ltr'><strong>celeberrimi</strong></span> <span class='ocrx_word' id='word_1_121' title='bbox 563 1282 730 1351; x_wconf 79' lang='lat' dir='ltr'><strong>amussim*)</strong></span> <span class='ocrx_word' id='word_1_122' title='bbox 749 1281 840 1336; x_wconf 84' lang='lat' dir='ltr'><strong>multa</strong></span> <span class='ocrx_word' id='word_1_123' title='bbox 857 1282 971 1336; x_wconf 82' lang='lat' dir='ltr'><strong>finxisse</strong></span> <span class='ocrx_word' id='word_1_124' title='bbox 991 1286 1042 1336; x_wconf 88' lang='lat' dir='ltr'><strong>ant</strong></span> <span class='ocrx_word' id='word_1_125' title='bbox 1057 1282 1208 1338; x_wconf 83' lang='lat' dir='ltr'><strong>refluxisse</strong></span> <span class='ocrx_word' id='word_1_126' title='bbox 1271 1311 1272 1360; x_wconf 49' lang='lat' dir='ltr'><strong>p</strong></span> 
     </span>
     <span class='ocr_line' id='line_1_16' title="bbox 187 1351 1272 1421; baseline 0.002 -15"><span class='ocrx_word' id='word_1_127' title='bbox 187 1368 251 1406; x_wconf 89' lang='lat' dir='ltr'><strong>eum</strong></span> <span class='ocrx_word' id='word_1_128' title='bbox 279 1368 297 1405; x_wconf 85' lang='lat' dir='ltr'><strong>a</strong></span> <span class='ocrx_word' id='word_1_129' title='bbox 323 1351 444 1407; x_wconf 85' lang='lat' dir='ltr'><strong>veritate</strong></span> <span class='ocrx_word' id='word_1_130' title='bbox 467 1351 545 1406; x_wconf 79' lang='lat' dir='ltr'><strong>houd</strong></span> <span class='ocrx_word' id='word_1_131' title='bbox 572 1353 710 1408; x_wconf 88' lang='lat' dir='ltr'><strong>absonum</strong></span> <span class='ocrx_word' id='word_1_132' title='bbox 737 1354 793 1419; x_wconf 82' lang='lat' dir='ltr'><strong>est3</strong></span> <span class='ocrx_word' id='word_1_133' title='bbox 821 1370 879 1421; x_wconf 89' lang='lat' dir='ltr'><strong>qua</strong></span> <span class='ocrx_word' id='word_1_134' title='bbox 905 1353 941 1408; x_wconf 90' lang='lat' dir='ltr'><strong>de</strong></span> <span class='ocrx_word' id='word_1_135' title='bbox 967 1370 998 1408; x_wconf 92' lang='lat' dir='ltr'><strong>re</strong></span> <span class='ocrx_word' id='word_1_136' title='bbox 1026 1355 1134 1408; x_wconf 87' lang='lat' dir='ltr'><strong>certius</strong></span> <span class='ocrx_word' id='word_1_137' title='bbox 1166 1354 1209 1408; x_wconf 91' lang='lat' dir='ltr'><strong>iu·</strong></span> <span class='ocrx_word' id='word_1_138' title='bbox 1271 1363 1272 1416; x_wconf 74' lang='lat' dir='ltr'><strong>l</strong></span> 
     </span>
     <span class='ocr_line' id='line_1_17' title="bbox 187 1421 1210 1493; baseline 0.003 -18"><span class='ocrx_word' id='word_1_139' title='bbox 187 1421 282 1476; x_wconf 87' lang='lat' dir='ltr'><strong>dicare</strong></span> <span class='ocrx_word' id='word_1_140' title='bbox 301 1439 456 1491; x_wconf 86' lang='lat' dir='ltr'><strong>possemus,</strong></span> <span class='ocrx_word' id='word_1_141' title='bbox 477 1422 500 1477; x_wconf 89' lang='lat' dir='ltr'><strong>si</strong></span> <span class='ocrx_word' id='word_1_142' title='bbox 519 1423 631 1493; x_wconf 83' lang='lat' dir='ltr'><strong>integra</strong></span> <span class='ocrx_word' id='word_1_143' title='bbox 649 1423 788 1492; x_wconf 90' lang='lat' dir='ltr'><strong>collectio,</strong></span> <span class='ocrx_word' id='word_1_144' title='bbox 807 1441 863 1479; x_wconf 91' lang='lat' dir='ltr'><strong>non</strong></span> <span class='ocrx_word' id='word_1_145' title='bbox 882 1424 1039 1492; x_wconf 76' lang='lat' dir='ltr'><strong>particulae</strong></span> <span class='ocrx_word' id='word_1_146' title='bbox 1057 1426 1177 1479; x_wconf 84' lang='lat' dir='ltr'><strong>tantum</strong></span> <span class='ocrx_word' id='word_1_147' title='bbox 1191 1441 1210 1478; x_wconf 87' lang='lat' dir='ltr'><strong>a</strong></span> 
     </span>
     <span class='ocr_line' id='line_1_18' title="bbox 187 1492 1206 1565; baseline 0.004 -20"><span class='ocrx_word' id='word_1_148' title='bbox 187 1492 309 1548; x_wconf 85' lang='lat' dir='ltr'><strong>Stobaeo</strong></span> <span class='ocrx_word' id='word_1_149' title='bbox 324 1493 443 1561; x_wconf 81' lang='lat' dir='ltr'><strong>aliisque</strong></span> <span class='ocrx_word' id='word_1_150' title='bbox 458 1496 587 1549; x_wconf 85' lang='lat' dir='ltr'><strong>servatae</strong></span> <span class='ocrx_word' id='word_1_151' title='bbox 607 1499 791 1564; x_wconf 89' lang='lat' dir='ltr'><strong>superessent.</strong></span> <span class='ocrx_word' id='word_1_152' title='bbox 829 1494 882 1549; x_wconf 88' lang='lat' dir='ltr'><strong>has</strong></span> <span class='ocrx_word' id='word_1_153' title='bbox 900 1495 990 1565; x_wconf 83' lang='lat' dir='ltr'><strong>igitur</strong></span> <span class='ocrx_word' id='word_1_154' title='bbox 1006 1495 1128 1550; x_wconf 84' lang='lat' dir='ltr'><strong>lacinias</strong></span> <span class='ocrx_word' id='word_1_155' title='bbox 1150 1495 1206 1549; x_wconf 90' lang='lat' dir='ltr'><strong>sin·</strong></span> 
     </span>
     <span class='ocr_line' id='line_1_19' title="bbox 187 1563 1206 1636; baseline 0.005 -19"><span class='ocrx_word' id='word_1_156' title='bbox 187 1563 311 1632; x_wconf 77' lang='lat' dir='ltr'><strong>gillatim</strong></span> <span class='ocrx_word' id='word_1_157' title='bbox 331 1564 477 1633; x_wconf 83' lang='lat' dir='ltr'><strong>exhibebo,</strong></span> <span class='ocrx_word' id='word_1_158' title='bbox 494 1564 609 1634; x_wconf 86' lang='lat' dir='ltr'><strong>pristini</strong></span> <span class='ocrx_word' id='word_1_159' title='bbox 624 1564 731 1620; x_wconf 84' lang='lat' dir='ltr'><strong>ordinis</strong></span> <span class='ocrx_word' id='word_1_160' title='bbox 744 1565 835 1636; x_wconf 88' lang='lat' dir='ltr'><strong>(cuius</strong></span> <span class='ocrx_word' id='word_1_161' title='bbox 849 1566 1010 1620; x_wconf 74' lang='lat' dir='ltr'><strong>etiamnunc</strong></span> <span class='ocrx_word' id='word_1_162' title='bbox 1024 1569 1103 1622; x_wconf 89' lang='lat' dir='ltr'><strong>certa</strong></span> <span class='ocrx_word' id='word_1_163' title='bbox 1116 1567 1206 1622; x_wconf 87' lang='lat' dir='ltr'><strong>veeti-</strong></span> 
     </span>
     <span class='ocr_line' id='line_1_20' title="bbox 185 1635 1272 1706; baseline 0.003 -19"><span class='ocrx_word' id='word_1_164' title='bbox 185 1635 234 1704; x_wconf 83' lang='lat' dir='ltr'><strong>gia</strong></span> <span class='ocrx_word' id='word_1_165' title='bbox 262 1652 407 1706; x_wconf 79' lang='lat' dir='ltr'><strong>superesse</strong></span> <span class='ocrx_word' id='word_1_166' title='bbox 437 1652 483 1690; x_wconf 89' lang='lat' dir='ltr'><strong>me</strong></span> <span class='ocrx_word' id='word_1_167' title='bbox 510 1635 608 1691; x_wconf 87' lang='lat' dir='ltr'><strong>docuit</strong></span> <span class='ocrx_word' id='word_1_168' title='bbox 634 1636 724 1704; x_wconf 76' lang='lat' dir='ltr'><strong>Elt0r)</strong></span> <span class='ocrx_word' id='word_1_169' title='bbox 756 1635 926 1691; x_wconf 88' lang='lat' dir='ltr'><strong>restituendi</strong></span> <span class='ocrx_word' id='word_1_170' title='bbox 957 1635 1115 1706; x_wconf 87' lang='lat' dir='ltr'><strong>periculum</strong></span> <span class='ocrx_word' id='word_1_171' title='bbox 1150 1655 1209 1692; x_wconf 90' lang='lat' dir='ltr'><strong>non</strong></span> <span class='ocrx_word' id='word_1_172' title='bbox 1271 1679 1272 1690; x_wconf 67' lang='grc'>,</span> 
     </span>
     <span class='ocr_line' id='line_1_21' title="bbox 185 1705 1207 1777; baseline 0.004 -18"><span class='ocrx_word' id='word_1_173' title='bbox 185 1705 303 1773; x_wconf 70' lang='lat' dir='ltr'><strong>faciam</strong></span> <span class='ocrx_word' id='word_1_174' title='bbox 330 1706 465 1775; x_wconf 82' lang='lat' dir='ltr'><strong>quoniam</strong></span> <span class='ocrx_word' id='word_1_175' title='bbox 487 1706 540 1761; x_wconf 90' lang='lat' dir='ltr'><strong>hoc</strong></span> <span class='ocrx_word' id='word_1_176' title='bbox 564 1707 656 1762; x_wconf 89' lang='lat' dir='ltr'><strong>solum</strong></span> <span class='ocrx_word' id='word_1_177' title='bbox 678 1705 750 1762; x_wconf 90' lang='lat' dir='ltr'><strong>mihi</strong></span> <span class='ocrx_word' id='word_1_178' title='bbox 776 1707 923 1777; x_wconf 84' lang='lat' dir='ltr'><strong>proposui,</strong></span> <span class='ocrx_word' id='word_1_179' title='bbox 951 1710 984 1762; x_wconf 90' lang='lat' dir='ltr'><strong>ut</strong></span> <span class='ocrx_word' id='word_1_180' title='bbox 1009 1707 1105 1762; x_wconf 87' lang='lat' dir='ltr'><strong>omnia</strong></span> <span class='ocrx_word' id='word_1_181' title='bbox 1129 1725 1207 1762; x_wconf 90' lang='lat' dir='ltr'><strong>com·</strong></span> 
     </span>
     <span class='ocr_line' id='line_1_22' title="bbox 185 1777 1272 1866; baseline 0.002 -34"><span class='ocrx_word' id='word_1_182' title='bbox 185 1777 387 1847; x_wconf 89' lang='lat' dir='ltr'><strong>prehenderem</strong></span> <span class='ocrx_word' id='word_1_183' title='bbox 409 1793 482 1847; x_wconf 82' lang='lat' dir='ltr'><strong>quae</strong></span> <span class='ocrx_word' id='word_1_184' title='bbox 510 1778 666 1848; x_wconf 81' lang='lat' dir='ltr'><strong>antiquitus</strong></span> <span class='ocrx_word' id='word_1_185' title='bbox 690 1777 750 1834; x_wconf 84' lang='lat' dir='ltr'><strong>sive</strong></span> <span class='ocrx_word' id='word_1_186' title='bbox 777 1781 854 1833; x_wconf 88' lang='lat' dir='ltr'><strong>recte</strong></span> <span class='ocrx_word' id='word_1_187' title='bbox 887 1777 945 1833; x_wconf 85' lang='lat' dir='ltr'><strong>sive</strong></span> <span class='ocrx_word' id='word_1_188' title='bbox 973 1777 1047 1834; x_wconf 88' lang='lat' dir='ltr'><strong>falso</strong></span> <span class='ocrx_word' id='word_1_189' title='bbox 1070 1777 1207 1848; x_wconf 83' lang='lat' dir='ltr'><strong>Epicteto</strong></span> <span class='ocrx_word' id='word_1_190' title='bbox 1271 1783 1272 1866; x_wconf 60' lang='lat' dir='ltr'><strong>l</strong></span> 
     </span>
     <span class='ocr_line' id='line_1_23' title="bbox 186 1847 1205 1918; baseline 0.002 -16"><span class='ocrx_word' id='word_1_191' title='bbox 186 1847 330 1917; x_wconf 83' lang='lat' dir='ltr'><strong>adscripta</strong></span> <span class='ocrx_word' id='word_1_192' title='bbox 360 1849 494 1918; x_wconf 81' lang='lat' dir='ltr'><strong>erant**).</strong></span> <span class='ocrx_word' id='word_1_193' title='bbox 540 1848 661 1918; x_wconf 89' lang='lat' dir='ltr'><strong>denique</strong></span> <span class='ocrx_word' id='word_1_194' title='bbox 693 1865 794 1904; x_wconf 90' lang='lat' dir='ltr'><strong>moneo</strong></span> <span class='ocrx_word' id='word_1_195' title='bbox 822 1865 913 1917; x_wconf 88' lang='lat' dir='ltr'><strong>neque</strong></span> <span class='ocrx_word' id='word_1_196' title='bbox 947 1866 1044 1906; x_wconf 89' lang='lat' dir='ltr'><strong>omnes</strong></span> <span class='ocrx_word' id='word_1_197' title='bbox 1071 1849 1205 1904; x_wconf 87' lang='lat' dir='ltr'><strong>codicum</strong></span> 
     </span>
     <span class='ocr_line' id='line_1_24' title="bbox 185 1918 1205 1990; baseline 0.004 -19"><span class='ocrx_word' id='word_1_198' title='bbox 185 1918 339 1987; x_wconf 88' lang='lat' dir='ltr'><strong>&#39;scripturas</strong></span> <span class='ocrx_word' id='word_1_199' title='bbox 358 1936 403 1974; x_wconf 90' lang='lat' dir='ltr'><strong>me</strong></span> <span class='ocrx_word' id='word_1_200' title='bbox 418 1918 619 1990; x_wconf 86' lang='lat' dir='ltr'><strong>adtulisse***)</strong></span> <span class='ocrx_word' id='word_1_201' title='bbox 633 1919 772 1990; x_wconf 81' lang='lat' dir='ltr'><strong>(inprimis</strong></span> <span class='ocrx_word' id='word_1_202' title='bbox 786 1919 817 1975; x_wconf 90' lang='lat' dir='ltr'><strong>in</strong></span> <span class='ocrx_word' id='word_1_203' title='bbox 836 1920 958 1975; x_wconf 83' lang='lat' dir='ltr'><strong>Stobeeo</strong></span> <span class='ocrx_word' id='word_1_204' title='bbox 977 1919 1060 1974; x_wconf 88' lang='lat' dir='ltr'><strong>omisi</strong></span> <span class='ocrx_word' id='word_1_205' title='bbox 1079 1937 1154 1989; x_wconf 83' lang='lat' dir='ltr'><strong>quae</strong></span> <span class='ocrx_word' id='word_1_206' title='bbox 1172 1920 1205 1974; x_wconf 89' lang='lat' dir='ltr'><strong>in</strong></span> 
     </span>
     <span class='ocr_line' id='line_1_25' title="bbox 185 1989 1202 2059; baseline 0 -15"><span class='ocrx_word' id='word_1_207' title='bbox 185 1989 405 2044; x_wconf 83' lang='lat' dir='ltr'><strong>Trincevellicni</strong></span> <span class='ocrx_word' id='word_1_208' title='bbox 431 1990 542 2059; x_wconf 83' lang='lat' dir='ltr'><strong>generis</strong></span> <span class='ocrx_word' id='word_1_209' title='bbox 567 1990 713 2045; x_wconf 82' lang='lat' dir='ltr'><strong>codicibus</strong></span> <span class='ocrx_word' id='word_1_210' title='bbox 736 1989 918 2046; x_wconf 83' lang='lat' dir='ltr'><strong>inveniuntur</strong></span> <span class='ocrx_word' id='word_1_211' title='bbox 936 1993 1096 2046; x_wconf 84' lang='lat' dir='ltr'><strong>commenta</strong></span> <span class='ocrx_word' id='word_1_212' title='bbox 1114 1991 1202 2046; x_wconf 79' lang='lat' dir='ltr'><strong>auda-</strong></span> 
     </span>
     <span class='ocr_line' id='line_1_26' title="bbox 185 2059 1272 2133; baseline 0.005 -21"><span class='ocrx_word' id='word_1_213' title='bbox 185 2059 300 2113; x_wconf 85' lang='lat' dir='ltr'><strong>cissime</strong></span> <span class='ocrx_word' id='word_1_214' title='bbox 327 2063 356 2114; x_wconf 91' lang='lat' dir='ltr'><strong>et</strong></span> <span class='ocrx_word' id='word_1_215' title='bbox 382 2059 570 2131; x_wconf 88' lang='lat' dir='ltr'><strong>ineptissima)</strong></span> <span class='ocrx_word' id='word_1_216' title='bbox 592 2079 684 2131; x_wconf 91' lang='lat' dir='ltr'><strong>neque</strong></span> <span class='ocrx_word' id='word_1_217' title='bbox 707 2078 803 2118; x_wconf 88' lang='lat' dir='ltr'><strong>omnes</strong></span> <span class='ocrx_word' id='word_1_218' title='bbox 826 2062 903 2117; x_wconf 90' lang='lat' dir='ltr'><strong>locos</strong></span> <span class='ocrx_word' id='word_1_219' title='bbox 928 2061 1129 2133; x_wconf 79' lang='lat' dir='ltr'><strong>adscripsisse,</strong></span> <span class='ocrx_word' id='word_1_220' title='bbox 1154 2062 1204 2132; x_wconf 90' lang='lat' dir='ltr'><strong>qui</strong></span> <span class='ocrx_word' id='word_1_221' title='bbox 1271 2127 1272 2130; x_wconf 7' lang='grc' dir='ltr'><strong>Ἴ</strong></span> 
     </span>
     <span class='ocr_line' id='line_1_27' title="bbox 183 2131 1272 2273; baseline 0.006 -19"><span class='ocrx_word' id='word_1_222' title='bbox 183 2131 999 2273; x_wconf 61' lang='lat' dir='ltr'><strong>mtlttttlttdltdtlldtttttttssttte</strong></span> <span class='ocrx_word' id='word_1_223' title='bbox 1016 2133 1203 2273; x_wconf 65' lang='lat' dir='ltr'><strong>llttttt</strong></span> <span class='ocrx_word' id='word_1_224' title='bbox 1271 2132 1272 2202; x_wconf 36' lang='grc' dir='ltr'>Ψ</span> 
     </span>
     <span class='ocr_line' id='line_1_28' title="bbox 185 2272 598 2343; baseline 0.007 -17"><span class='ocrx_word' id='word_1_225' title='bbox 185 2274 215 2326; x_wconf 91' lang='lat' dir='ltr'><strong>et</strong></span> <span class='ocrx_word' id='word_1_226' title='bbox 233 2272 312 2327; x_wconf 85' lang='lat' dir='ltr'><strong>Elter</strong></span> <span class='ocrx_word' id='word_1_227' title='bbox 330 2276 432 2343; x_wconf 82' lang='lat' dir='ltr'><strong>parent</strong></span> <span class='ocrx_word' id='word_1_228' title='bbox 450 2273 598 2330; x_wconf 82' lang='lat' dir='ltr'><strong>editiones.</strong></span> 
     </span>
    </p>
   </div>
   <div class='ocr_carea' id='block_1_3' title="bbox 179 2468 1272 3176">
    <p class='ocr_par' dir='ltr' id='par_1_3' title="bbox 287 2468 1201 2540">
     <span class='ocr_line' id='line_1_29' title="bbox 287 2468 1201 2540; baseline 0.001 -18"><span class='ocrx_word' id='word_1_229' title='bbox 287 2471 313 2539; x_wconf 86' lang='lat'><strong>*)</strong></span> <span class='ocrx_word' id='word_1_230' title='bbox 335 2469 413 2523; x_wconf 87' lang='lat' dir='ltr'><strong>haud</strong></span> <span class='ocrx_word' id='word_1_231' title='bbox 435 2468 576 2524; x_wconf 67' lang='lat' dir='ltr'><strong>mutilimr</strong></span> <span class='ocrx_word' id='word_1_232' title='bbox 602 2471 728 2523; x_wconf 84' lang='lat' dir='ltr'><strong>conferes</strong></span> <span class='ocrx_word' id='word_1_233' title='bbox 759 2468 982 2540; x_wconf 73' lang='lat' dir='ltr'><strong>fragmentorum</strong></span> <span class='ocrx_word' id='word_1_234' title='bbox 1005 2468 1083 2538; x_wconf 86' lang='lat' dir='ltr'><strong>XVI,</strong></span> <span class='ocrx_word' id='word_1_235' title='bbox 1111 2469 1201 2538; x_wconf 78' lang='lat' dir='ltr'><strong>XVII,</strong></span> 
     </span>
    </p>

    <p class='ocr_par' dir='ltr' id='par_1_4' title="bbox 184 2537 1197 2610">
     <span class='ocr_line' id='line_1_30' title="bbox 184 2537 1197 2610; baseline 0.003 -18"><span class='ocrx_word' id='word_1_236' title='bbox 184 2539 243 2608; x_wconf 88' lang='lat' dir='ltr'><strong>XX,</strong></span> <span class='ocrx_word' id='word_1_237' title='bbox 263 2556 335 2608; x_wconf 91' lang='lat' dir='ltr'><strong>quae</strong></span> <span class='ocrx_word' id='word_1_238' title='bbox 358 2539 422 2610; x_wconf 89' lang='lat' dir='ltr'><strong>ipsa</strong></span> <span class='ocrx_word' id='word_1_239' title='bbox 436 2557 547 2608; x_wconf 91' lang='lat' dir='ltr'><strong>quoque</strong></span> <span class='ocrx_word' id='word_1_240' title='bbox 562 2537 731 2608; x_wconf 72' lang='grc' dir='ltr'><strong><em>Ἐπικτήτου</em></strong></span> <span class='ocrx_word' id='word_1_241' title='bbox 745 2542 858 2594; x_wconf 84' lang='lat' dir='ltr'><strong>tentum</strong></span> <span class='ocrx_word' id='word_1_242' title='bbox 875 2539 1074 2608; x_wconf 89' lang='lat' dir='ltr'><strong>inscribuntur,</strong></span> <span class='ocrx_word' id='word_1_243' title='bbox 1095 2557 1197 2594; x_wconf 90' lang='lat' dir='ltr'><strong>sermo-</strong></span> 
     </span>
    </p>

    <p class='ocr_par' dir='ltr' id='par_1_5' title="bbox 183 2610 1200 2681">
     <span class='ocr_line' id='line_1_31' title="bbox 183 2610 1200 2681; baseline 0.003 -19"><span class='ocrx_word' id='word_1_244' title='bbox 183 2627 248 2663; x_wconf 89' lang='lat' dir='ltr'><strong>nem</strong></span> <span class='ocrx_word' id='word_1_245' title='bbox 273 2610 450 2681; x_wconf 89' lang='lat' dir='ltr'><strong>incomptum</strong></span> <span class='ocrx_word' id='word_1_246' title='bbox 478 2627 647 2680; x_wconf 79' lang='lat' dir='ltr'><strong>suavemque</strong></span> <span class='ocrx_word' id='word_1_247' title='bbox 676 2628 740 2665; x_wconf 89' lang='lat' dir='ltr'><strong>cum</strong></span> <span class='ocrx_word' id='word_1_248' title='bbox 763 2611 877 2679; x_wconf 81' lang='lat' dir='ltr'><strong>turgido</strong></span> <span class='ocrx_word' id='word_1_249' title='bbox 904 2610 1055 2665; x_wconf 85' lang='lat' dir='ltr'><strong>verborum</strong></span> <span class='ocrx_word' id='word_1_250' title='bbox 1081 2611 1200 2678; x_wconf 76' lang='lat' dir='ltr'><strong>tinnitu,</strong></span> 
     </span>
    </p>

    <p class='ocr_par' dir='ltr' id='par_1_6' title="bbox 179 2680 1272 3176">
     <span class='ocr_line' id='line_1_32' title="bbox 184 2680 1198 2808; baseline -0.002 -1"><span class='ocrx_word' id='word_1_251' title='bbox 184 2680 303 2786; x_wconf 55' lang='lat' dir='ltr'><strong>utu</strong></span> <span class='ocrx_word' id='word_1_252' title='bbox 317 2681 452 2808; x_wconf 47' lang='lat' dir='ltr'><strong>ablu</strong></span> <span class='ocrx_word' id='word_1_253' title='bbox 758 2681 1036 2807; x_wconf 54' lang='lat' dir='ltr'><strong>stetinum</strong></span> <span class='ocrx_word' id='word_1_254' title='bbox 1055 2751 1113 2806; x_wconf 60' lang='lat' dir='ltr'><strong>m</strong></span> <span class='ocrx_word' id='word_1_255' title='bbox 1126 2752 1198 2806; x_wconf 68' lang='lat' dir='ltr'><strong>m</strong></span> 
     </span>
     <span class='ocr_line' id='line_1_33' title="bbox 183 2757 1272 2905; baseline 0.001 -30"><span class='ocrx_word' id='word_1_256' title='bbox 183 2817 215 2876; x_wconf 75' lang='grc' dir='ltr'><strong>ἐκ</strong></span> <span class='ocrx_word' id='word_1_257' title='bbox 242 2757 504 2896; x_wconf 54' lang='grc' dir='ltr'><strong><em>τῶν)Δημοκρίξου</em></strong></span> <span class='ocrx_word' id='word_1_258' title='bbox 532 2823 582 2878; x_wconf 73' lang='grc' dir='ltr'><strong>καὶ</strong></span> <span class='ocrx_word' id='word_1_259' title='bbox 603 2770 781 2905; x_wconf 47' lang='grc' dir='ltr'><strong>Ῐὶσξκράέοὲς</strong></span> <span class='ocrx_word' id='word_1_260' title='bbox 807 2822 856 2877; x_wconf 74' lang='grc' dir='ltr'><strong>καὶ</strong></span> <span class='ocrx_word' id='word_1_261' title='bbox 880 2769 1111 2894; x_wconf 57' lang='lat' dir='ltr'><strong>’Eppaspagltoo</strong></span> <span class='ocrx_word' id='word_1_262' title='bbox 1138 2831 1199 2877; x_wconf 79' lang='grc' dir='ltr'><strong>τοῦ</strong></span> <span class='ocrx_word' id='word_1_263' title='bbox 1271 2893 1272 2904; x_wconf 17' lang='lat'>3</span> 
     </span>
     <span class='ocr_line' id='line_1_34' title="bbox 179 2890 1272 2966; baseline 0.001 -19"><span class='ocrx_word' id='word_1_264' title='bbox 179 2890 386 2961; x_wconf 73' lang='grc' dir='ltr'><strong>Ἐπικτήτου</strong></span> <span class='ocrx_word' id='word_1_265' title='bbox 406 2895 581 2960; x_wconf 83' lang='lat' dir='ltr'><strong>secluserim3</strong></span> <span class='ocrx_word' id='word_1_266' title='bbox 600 2912 631 2948; x_wconf 87' lang='grc' dir='ltr'><strong>ιιι</strong></span> <span class='ocrx_word' id='word_1_267' title='bbox 650 2912 706 2963; x_wconf 91' lang='lat' dir='ltr'><strong>quo</strong></span> <span class='ocrx_word' id='word_1_268' title='bbox 725 2896 838 2966; x_wconf 80' lang='lat' dir='ltr'><strong>praeter</strong></span> <span class='ocrx_word' id='word_1_269' title='bbox 856 2894 985 2962; x_wconf 82' lang='lat' dir='ltr'><strong>eclogam</strong></span> <span class='ocrx_word' id='word_1_270' title='bbox 998 2910 1083 2948; x_wconf 80' lang='lat' dir='ltr'><strong>unam</strong></span> <span class='ocrx_word' id='word_1_271' title='bbox 1103 2911 1137 2949; x_wconf 88' lang='lat' dir='ltr'><strong>ex</strong></span> <span class='ocrx_word' id='word_1_272' title='bbox 1151 2913 1196 2948; x_wconf 88' lang='lat' dir='ltr'><strong>en·</strong></span> <span class='ocrx_word' id='word_1_273' title='bbox 1271 2911 1272 2948; x_wconf 79' lang='grc' dir='ltr'><strong>ι</strong></span> 
     </span>
     <span class='ocr_line' id='line_1_35' title="bbox 184 2961 1272 3034; baseline 0.002 -16"><span class='ocrx_word' id='word_1_274' title='bbox 184 2963 303 3018; x_wconf 88' lang='lat' dir='ltr'><strong>ohin&#39;dio</strong></span> <span class='ocrx_word' id='word_1_275' title='bbox 331 2967 452 3032; x_wconf 85' lang='lat' dir='ltr'><strong>petitam</strong></span> <span class='ocrx_word' id='word_1_276' title='bbox 478 2966 548 3019; x_wconf 89' lang='lat' dir='ltr'><strong>nihil</strong></span> <span class='ocrx_word' id='word_1_277' title='bbox 577 2964 670 3020; x_wconf 89' lang='lat' dir='ltr'><strong>inesse</strong></span> <span class='ocrx_word' id='word_1_278' title='bbox 697 2963 823 3034; x_wconf 91' lang='lat' dir='ltr'><strong>Epicteti</strong></span> <span class='ocrx_word' id='word_1_279' title='bbox 854 2965 967 3019; x_wconf 90' lang='lat' dir='ltr'><strong>nomine</strong></span> <span class='ocrx_word' id='word_1_280' title='bbox 996 2964 1115 3034; x_wconf 79' lang='lat' dir='ltr'><strong>dignum</strong></span> <span class='ocrx_word' id='word_1_281' title='bbox 1141 2965 1198 3020; x_wconf 86' lang='lat' dir='ltr'><strong>iem</strong></span> <span class='ocrx_word' id='word_1_282' title='bbox 1271 2961 1272 3034; x_wconf 66' lang='lat' dir='ltr'><strong>l</strong></span> 
     </span>
     <span class='ocr_line' id='line_1_36' title="bbox 182 3033 1272 3158; baseline 0.006 -72"><span class='ocrx_word' id='word_1_283' title='bbox 182 3033 280 3087; x_wconf 90' lang='lat' dir='ltr'><strong>monui</strong></span> <span class='ocrx_word' id='word_1_284' title='bbox 299 3035 366 3118; x_wconf 67' lang='lat' dir='ltr'><strong>‘Die</strong></span> <span class='ocrx_word' id='word_1_285' title='bbox 383 3039 464 3106; x_wconf 79' lang='lat' dir='ltr'><strong>epilot.</strong></span> <span class='ocrx_word' id='word_1_286' title='bbox 484 3037 613 3118; x_wconf 62' lang='lat' dir='ltr'><strong>Ermum!</strong></span> <span class='ocrx_word' id='word_1_287' title='bbox 633 3042 712 3120; x_wconf 76' lang='lat' dir='ltr'><strong>P·.⁸⁶</strong></span> <span class='ocrx_word' id='word_1_288' title='bbox 733 3037 820 3158; x_wconf 47' lang='lat' dir='ltr'><strong>[mis</strong></span> <span class='ocrx_word' id='word_1_289' title='bbox 851 3105 857 3116; x_wconf 39' lang='lat'><strong>·</strong></span> <span class='ocrx_word' id='word_1_290' title='bbox 1271 3115 1272 3136; x_wconf 14' lang='grc' dir='ltr'><em>Χ</em></span> 
     </span>
     <span class='ocr_line' id='line_1_37' title="bbox 254 3104 1272 3176; baseline -0.002 -16"><span class='ocrx_word' id='word_1_291' title='bbox 254 3104 311 3169; x_wconf 78' lang='grc'>***)</span> <span class='ocrx_word' id='word_1_292' title='bbox 337 3107 382 3161; x_wconf 80' lang='lat' dir='ltr'><strong>bis</strong></span> <span class='ocrx_word' id='word_1_293' title='bbox 410 3110 583 3163; x_wconf 80' lang='lat' dir='ltr'><strong>mentronem</strong></span> <span class='ocrx_word' id='word_1_294' title='bbox 616 3107 671 3161; x_wconf 84' lang='lat' dir='ltr'><strong>fem</strong></span> <span class='ocrx_word' id='word_1_295' title='bbox 705 3106 767 3161; x_wconf 87' lang='lat' dir='ltr'><strong>cod.</strong></span> <span class='ocrx_word' id='word_1_296' title='bbox 817 3122 882 3161; x_wconf 75' lang='lat' dir='ltr'><strong>eris.</strong></span> <span class='ocrx_word' id='word_1_297' title='bbox 911 3106 1002 3176; x_wconf 86' lang='lat' dir='ltr'><strong>suppl.</strong></span> <span class='ocrx_word' id='word_1_298' title='bbox 1027 3111 1078 3161; x_wconf 76' lang='lat'><strong>608</strong></span> <span class='ocrx_word' id='word_1_299' title='bbox 1103 3124 1126 3160; x_wconf 90' lang='lat' dir='ltr'><strong>s.</strong></span> <span class='ocrx_word' id='word_1_300' title='bbox 1147 3106 1199 3161; x_wconf 82' lang='grc' dir='ltr'><strong>ΧΗ</strong></span> <span class='ocrx_word' id='word_1_301' title='bbox 1271 3147 1272 3158; x_wconf 35' lang='grc' dir='ltr'><strong>ι</strong></span> 
     </span>
    </p>
   </div>
   <div class='ocr_carea' id='block_1_4' title="bbox 183 3174 1272 3301">
    <p class='ocr_par' dir='ltr' id='par_1_7' title="bbox 183 3174 1272 3301">
     <span class='ocr_line' id='line_1_38' title="bbox 183 3174 1272 3298; baseline 0.002 -70"><span class='ocrx_word' id='word_1_302' title='bbox 183 3174 297 3298; x_wconf 45' lang='grc' dir='ltr'><strong>ἱὸιέθῢξὶ</strong></span> <span class='ocrx_word' id='word_1_303' title='bbox 317 3177 357 3298; x_wconf 56' lang='lat'><strong>{1</strong></span> <span class='ocrx_word' id='word_1_304' title='bbox 375 3181 443 3248; x_wconf 75' lang='lat' dir='ltr'><strong>en),</strong></span> <span class='ocrx_word' id='word_1_305' title='bbox 467 3178 501 3233; x_wconf 90' lang='lat' dir='ltr'><strong>de</strong></span> <span class='ocrx_word' id='word_1_306' title='bbox 525 3178 604 3232; x_wconf 88' lang='lat' dir='ltr'><strong>cuius</strong></span> <span class='ocrx_word' id='word_1_307' title='bbox 629 3177 797 3232; x_wconf 90' lang='lat' dir='ltr'><strong>lectionibus</strong></span> <span class='ocrx_word' id='word_1_308' title='bbox 820 3193 866 3230; x_wconf 91' lang='lat' dir='ltr'><strong>me</strong></span> <span class='ocrx_word' id='word_1_309' title='bbox 892 3179 1010 3232; x_wconf 90' lang='lat' dir='ltr'><strong>comiter</strong></span> <span class='ocrx_word' id='word_1_310' title='bbox 1034 3175 1151 3231; x_wconf 89' lang='lat' dir='ltr'><strong>edocuit</strong></span> <span class='ocrx_word' id='word_1_311' title='bbox 1170 3178 1198 3230; x_wconf 85' lang='lat' dir='ltr'><strong>L.</strong></span> <span class='ocrx_word' id='word_1_312' title='bbox 1271 3177 1272 3218; x_wconf 65' lang='grc' dir='ltr'><strong>ἓ</strong></span> 
     </span>
     <span class='ocr_line' id='line_1_39' title="bbox 233 3261 349 3301; baseline 0.034 -4"><span class='ocrx_word' id='word_1_313' title='bbox 233 3262 267 3297; x_wconf 91' lang='lat' dir='ltr'><strong>rn</strong></span> <span class='ocrx_word' id='word_1_314' title='bbox 287 3261 321 3299; x_wconf 85' lang='lat' dir='ltr'><strong>cc</strong></span> <span class='ocrx_word' id='word_1_315' title='bbox 343 3289 349 3301; x_wconf 92' lang='lat'><em>.</em></span> 
     </span>
    </p>
   </div>
   <div class='ocr_carea' id='block_1_5' title="bbox 0 0 1298 3914">
    <p class='ocr_par' dir='ltr' id='par_1_8' title="bbox 0 0 1298 3914">
     <span class='ocr_line' id='line_1_40' title="bbox 0 0 1298 3914; baseline 0 2"><span class='ocrx_word' id='word_1_316' title='bbox 0 0 1298 3914; x_wconf 95' lang='lat' dir='ltr'><strong> </strong></span> 
     </span>
    </p>
   </div>
  </div>
 </body>
</html>
