<?xml version="1.0" encoding="UTF-8"?>
<!DOCTYPE html PUBLIC "-//W3C//DTD XHTML 1.0 Transitional//EN"
    "http://www.w3.org/TR/xhtml1/DTD/xhtml1-transitional.dtd">
<html xmlns="http://www.w3.org/1999/xhtml" xml:lang="en" lang="en">
 <head>
  <title>
</title>
<meta http-equiv="Content-Type" content="text/html;charset=utf-8" />
  <meta name='ocr-system' content='tesseract 3.04.00' />
  <meta name='ocr-capabilities' content='ocr_page ocr_carea ocr_par ocr_line ocrx_word'/>
</head>
<body>
  <div class='ocr_page' id='page_1' title='image "./dissertationesa00epicgoog/dissertationesa00epicgoog_0391.png"; bbox 0 0 2636 3930; ppageno 0'>
   <div class='ocr_carea' id='block_1_1' title="bbox 182 153 1051 248">
    <p class='ocr_par' dir='ltr' id='par_1_1' title="bbox 182 153 1051 248">
     <span class='ocr_line' id='line_1_1' title="bbox 182 153 1051 248; baseline -0.022 -1"><span class='ocrx_word' id='word_1_1' title='bbox 182 153 247 248; x_wconf 53' lang='lat'><em>§96</em></span> <span class='ocrx_word' id='word_1_2' title='bbox 329 173 512 236; x_wconf 72' lang='grc' dir='ltr'><em>ΑῬειεαου</em></span> <span class='ocrx_word' id='word_1_3' title='bbox 530 182 604 235; x_wconf 67' lang='grc' dir='ltr'><em>σου</em></span> <span class='ocrx_word' id='word_1_4' title='bbox 622 181 839 234; x_wconf 73' lang='grc' dir='ltr'><em>εαιεκιτεου</em></span> <span class='ocrx_word' id='word_1_5' title='bbox 857 175 1051 231; x_wconf 63' lang='lat' dir='ltr'><em>mmm(</em></span> 
     </span>
    </p>
   </div>
   <div class='ocr_carea' id='block_1_2' title="bbox 128 335 1301 2794">
    <p class='ocr_par' dir='ltr' id='par_1_2' title="bbox 181 335 1199 432">
     <span class='ocr_line' id='line_1_2' title="bbox 181 335 1199 432; baseline -0.005 -22"><span class='ocrx_word' id='word_1_6' title='bbox 181 343 210 410; x_wconf 90' lang='grc' dir='ltr'><em>δ’</em></span> <span class='ocrx_word' id='word_1_7' title='bbox 244 344 306 411; x_wconf 86' lang='grc' dir='ltr'><em>οὐκ</em></span> <span class='ocrx_word' id='word_1_8' title='bbox 334 343 371 409; x_wconf 86' lang='grc' dir='ltr'><em>ἐν</em></span> <span class='ocrx_word' id='word_1_9' title='bbox 397 353 443 432; x_wconf 76' lang='grc' dir='ltr'><em>τῷ</em></span> <span class='ocrx_word' id='word_1_10' title='bbox 478 343 591 410; x_wconf 78' lang='grc' dir='ltr'><strong><em>ἐλθεῖν</em></strong></span> <span class='ocrx_word' id='word_1_11' title='bbox 619 342 709 408; x_wconf 90' lang='grc' dir='ltr'><em>ἐστιν</em></span> <span class='ocrx_word' id='word_1_12' title='bbox 737 339 809 408; x_wconf 84' lang='grc' dir='ltr'><em>οὐδ’</em></span> <span class='ocrx_word' id='word_1_13' title='bbox 843 340 879 407; x_wconf 93' lang='grc' dir='ltr'><em>ἐν</em></span> <span class='ocrx_word' id='word_1_14' title='bbox 911 348 957 427; x_wconf 74' lang='grc' dir='ltr'><em>τῷ</em></span> <span class='ocrx_word' id='word_1_15' title='bbox 989 335 1044 406; x_wconf 76' lang='grc' dir='ltr'><em>ἐπὶ</em></span> <span class='ocrx_word' id='word_1_16' title='bbox 1075 339 1199 428; x_wconf 83' lang='grc' dir='ltr'><em>θύραις</em></span> 
     </span>
    </p>

    <p class='ocr_par' dir='ltr' id='par_1_3' title="bbox 128 447 1199 533">
     <span class='ocr_line' id='line_1_3' title="bbox 128 447 1199 533; baseline -0.003 -17"><span class='ocrx_word' id='word_1_17' title='bbox 128 468 162 518; x_wconf 79' lang='grc' dir='ltr'><em>σε</em></span> <span class='ocrx_word' id='word_1_18' title='bbox 181 459 311 533; x_wconf 76' lang='grc' dir='ltr'><em>στῆναι,</em></span> <span class='ocrx_word' id='word_1_19' title='bbox 339 447 409 516; x_wconf 85' lang='grc' dir='ltr'><em>ἀλλ’</em></span> <span class='ocrx_word' id='word_1_20' title='bbox 438 452 538 517; x_wconf 84' lang='grc' dir='ltr'><em>ἐνδον</em></span> <span class='ocrx_word' id='word_1_21' title='bbox 561 447 598 515; x_wconf 87' lang='grc' dir='ltr'><em>ἐν</em></span> <span class='ocrx_word' id='word_1_22' title='bbox 621 461 692 527; x_wconf 88' lang='grc' dir='ltr'><em>τοῖς</em></span> <span class='ocrx_word' id='word_1_23' title='bbox 719 451 893 533; x_wconf 96' lang='grc' dir='ltr'><em>δόγμασιν.</em></span> <span class='ocrx_word' id='word_1_24' title='bbox 938 447 1020 513; x_wconf 82' lang='grc' dir='ltr'><em>ὅταν</em></span> <span class='ocrx_word' id='word_1_25' title='bbox 1041 449 1082 513; x_wconf 80' lang='grc' dir='ltr'><em>τὰ</em></span> <span class='ocrx_word' id='word_1_26' title='bbox 1106 447 1199 524; x_wconf 84' lang='grc' dir='ltr'><em>ἐκτὸς</em></span> 
     </span>
    </p>

    <p class='ocr_par' dir='ltr' id='par_1_4' title="bbox 182 549 1199 644">
     <span class='ocr_line' id='line_1_4' title="bbox 182 549 1199 644; baseline -0.003 -22"><span class='ocrx_word' id='word_1_27' title='bbox 182 555 238 624; x_wconf 85' lang='grc' dir='ltr'><em>καὶ</em></span> <span class='ocrx_word' id='word_1_28' title='bbox 270 556 470 644; x_wconf 83' lang='grc' dir='ltr'><em>όπροαίρετα</em></span> <span class='ocrx_word' id='word_1_29' title='bbox 502 558 666 643; x_wconf 78' lang='grc' dir='ltr'><strong><em>ἠτιμακὼς</em></strong></span> <span class='ocrx_word' id='word_1_30' title='bbox 697 549 737 641; x_wconf 79' lang='grc' dir='ltr'><em>ᾗς</em></span> <span class='ocrx_word' id='word_1_31' title='bbox 768 553 825 620; x_wconf 80' lang='grc' dir='ltr'><em>καὶ</em></span> <span class='ocrx_word' id='word_1_32' title='bbox 856 551 962 640; x_wconf 70' lang='grc' dir='ltr'><em>μηδὲν</em></span> <span class='ocrx_word' id='word_1_33' title='bbox 994 554 1106 620; x_wconf 80' lang='grc' dir='ltr'><em>αὐτῶν</em></span> <span class='ocrx_word' id='word_1_34' title='bbox 1136 556 1199 619; x_wconf 88' lang='grc' dir='ltr'><em>σὸν</em></span> 
     </span>
    </p>

    <p class='ocr_par' dir='ltr' id='par_1_5' title="bbox 182 659 1301 2794">
     <span class='ocr_line' id='line_1_5' title="bbox 182 659 1200 749; baseline -0.004 -20"><span class='ocrx_word' id='word_1_35' title='bbox 182 661 357 748; x_wconf 80' lang='grc' dir='ltr'><em>ἡγήμένος,</em></span> <span class='ocrx_word' id='word_1_36' title='bbox 382 667 468 749; x_wconf 89' lang='grc' dir='ltr'><em>μόνα</em></span> <span class='ocrx_word' id='word_1_37' title='bbox 491 661 522 729; x_wconf 92' lang='grc' dir='ltr'><em>δ’</em></span> <span class='ocrx_word' id='word_1_38' title='bbox 544 663 654 731; x_wconf 89' lang='grc' dir='ltr'><em>ἐκεῖνα</em></span> <span class='ocrx_word' id='word_1_39' title='bbox 672 665 715 728; x_wconf 82' lang='grc' dir='ltr'><em>σδ</em></span> <span class='ocrx_word' id='word_1_40' title='bbox 733 663 770 728; x_wconf 90' lang='grc' dir='ltr'><em>τὸ</em></span> <span class='ocrx_word' id='word_1_41' title='bbox 789 673 902 749; x_wconf 90' lang='grc' dir='ltr'><em>κρῖναι</em></span> <span class='ocrx_word' id='word_1_42' title='bbox 919 666 1037 746; x_wconf 80' lang='grc' dir='ltr'><em>καλῶς,</em></span> <span class='ocrx_word' id='word_1_43' title='bbox 1060 663 1098 727; x_wconf 91' lang='grc' dir='ltr'><em>τὸ</em></span> <span class='ocrx_word' id='word_1_44' title='bbox 1117 659 1200 725; x_wconf 83' lang='grc' dir='ltr'><em>ὑπο-</em></span> 
     </span>
     <span class='ocr_line' id='line_1_6' title="bbox 183 767 1235 855; baseline -0.01 -20"><span class='ocrx_word' id='word_1_45' title='bbox 183 774 312 854; x_wconf 80' lang='grc' dir='ltr'><em>λαβεῖν,</em></span> <span class='ocrx_word' id='word_1_46' title='bbox 340 772 378 836; x_wconf 92' lang='grc' dir='ltr'><em>τὸ</em></span> <span class='ocrx_word' id='word_1_47' title='bbox 407 770 564 854; x_wconf 85' lang='grc' dir='ltr'><em>ὁρμήσαι,</em></span> <span class='ocrx_word' id='word_1_48' title='bbox 592 771 629 834; x_wconf 90' lang='grc' dir='ltr'><em>τὸ</em></span> <span class='ocrx_word' id='word_1_49' title='bbox 657 769 854 855; x_wconf 76' lang='grc' dir='ltr'><em>ὀρεχθῆναι,</em></span> <span class='ocrx_word' id='word_1_50' title='bbox 881 770 919 834; x_wconf 86' lang='grc' dir='ltr'><em>τὸ</em></span> <span class='ocrx_word' id='word_1_51' title='bbox 943 767 1104 850; x_wconf 77' lang='grc' dir='ltr'><em>ἐκκλῖναι,</em></span> <span class='ocrx_word' id='word_1_52' title='bbox 1133 774 1235 832; x_wconf 86' lang='grc' dir='ltr'><em>παῦε</em></span> 
     </span>
     <span class='ocr_line' id='line_1_7' title="bbox 184 875 1201 961; baseline -0.005 -18"><span class='ocrx_word' id='word_1_53' title='bbox 184 880 232 943; x_wconf 85' lang='grc' dir='ltr'><em>ἐτι</em></span> <span class='ocrx_word' id='word_1_54' title='bbox 254 881 427 954; x_wconf 78' lang='grc' dir='ltr'><em>κολακείας</em></span> <span class='ocrx_word' id='word_1_55' title='bbox 449 879 559 960; x_wconf 86' lang='grc' dir='ltr'><em>τόπος,</em></span> <span class='ocrx_word' id='word_1_56' title='bbox 582 885 648 942; x_wconf 89' lang='grc' dir='ltr'><em>ποῦ</em></span> <span class='ocrx_word' id='word_1_57' title='bbox 670 875 993 961; x_wconf 84' lang='grc' dir='ltr'><em>τατεινοφροσύνης;</em></span> <span class='ocrx_word' id='word_1_58' title='bbox 1017 878 1052 939; x_wconf 89' lang='grc' dir='ltr'><em>τί</em></span> <span class='ocrx_word' id='word_1_59' title='bbox 1069 876 1117 939; x_wconf 84' lang='grc' dir='ltr'><em>ἐτι</em></span> <span class='ocrx_word' id='word_1_60' title='bbox 1140 895 1201 938; x_wconf 89' lang='grc' dir='ltr'><em>πο-</em></span> 
     </span>
     <span class='ocr_line' id='line_1_8' title="bbox 1300 2743 1301 2794; baseline 0 0"><span class='ocrx_word' id='word_1_61' title='bbox 1300 2743 1301 2794; x_wconf 75' lang='grc' dir='ltr'><em>λ</em></span> 
     </span>
    </p>
   </div>
   <div class='ocr_carea' id='block_1_3' title="bbox 17 982 1301 3295">
    <p class='ocr_par' dir='ltr' id='par_1_6' title="bbox 17 982 1301 3295">
     <span class='ocr_line' id='line_1_9' title="bbox 184 982 1202 1069; baseline -0.005 -20"><span class='ocrx_word' id='word_1_62' title='bbox 184 991 259 1062; x_wconf 87' lang='grc' dir='ltr'><em>θεῖς</em></span> <span class='ocrx_word' id='word_1_63' title='bbox 281 986 342 1068; x_wconf 87' lang='grc' dir='ltr'><em>τήν</em></span> <span class='ocrx_word' id='word_1_64' title='bbox 365 983 507 1069; x_wconf 80' lang='grc' dir='ltr'><em>ἡσυχίαν</em></span> <span class='ocrx_word' id='word_1_65' title='bbox 530 984 592 1067; x_wconf 85' lang='grc' dir='ltr'><em>τήν</em></span> <span class='ocrx_word' id='word_1_66' title='bbox 615 982 696 1065; x_wconf 88' lang='grc' dir='ltr'><em>ἐκεῖ,</em></span> <span class='ocrx_word' id='word_1_67' title='bbox 726 987 761 1047; x_wconf 92' lang='grc' dir='ltr'><em>τί</em></span> <span class='ocrx_word' id='word_1_68' title='bbox 779 983 858 1058; x_wconf 86' lang='grc' dir='ltr'><em>τοὺς</em></span> <span class='ocrx_word' id='word_1_69' title='bbox 880 984 1041 1067; x_wconf 74' lang='grc' dir='ltr'><em>συνήθεις</em></span> <span class='ocrx_word' id='word_1_70' title='bbox 1062 982 1202 1059; x_wconf 84' lang='grc' dir='ltr'><em>τόπους;</em></span> 
     </span>
     <span class='ocr_line' id='line_1_10' title="bbox 133 1083 1202 1174; baseline -0.004 -20"><span class='ocrx_word' id='word_1_71' title='bbox 133 1106 166 1154; x_wconf 77' lang='grc' dir='ltr'><em>σῖ</em></span> <span class='ocrx_word' id='word_1_72' title='bbox 186 1089 314 1168; x_wconf 85' lang='grc' dir='ltr'><em>ἐκδεξαι</em></span> <span class='ocrx_word' id='word_1_73' title='bbox 338 1090 444 1174; x_wconf 83' lang='grc' dir='ltr'><em>βραχὺ</em></span> <span class='ocrx_word' id='word_1_74' title='bbox 468 1086 524 1154; x_wconf 79' lang='grc' dir='ltr'><em>καί</em></span> <span class='ocrx_word' id='word_1_75' title='bbox 546 1089 685 1165; x_wconf 79' lang='grc' dir='ltr'><em>τούτους</em></span> <span class='ocrx_word' id='word_1_76' title='bbox 702 1089 803 1155; x_wconf 82' lang='grc' dir='ltr'><em>πόλιν</em></span> <span class='ocrx_word' id='word_1_77' title='bbox 822 1086 904 1167; x_wconf 65' lang='grc' dir='ltr'><em>ἕξεις</em></span> <span class='ocrx_word' id='word_1_78' title='bbox 922 1091 1091 1172; x_wconf 80' lang='grc' dir='ltr'><em>συνήθεις.</em></span> <span class='ocrx_word' id='word_1_79' title='bbox 1130 1083 1202 1152; x_wconf 80' lang='grc' dir='ltr'><em>εἶτα</em></span> 
     </span>
     <span class='ocr_line' id='line_1_11' title="bbox 185 1191 1202 1280; baseline -0.002 -20"><span class='ocrx_word' id='word_1_80' title='bbox 185 1195 228 1260; x_wconf 78' lang='grc' dir='ltr'><em>δν</em></span> <span class='ocrx_word' id='word_1_81' title='bbox 252 1195 357 1269; x_wconf 80' lang='grc' dir='ltr'><em>οὕτως</em></span> <span class='ocrx_word' id='word_1_82' title='bbox 379 1191 526 1276; x_wconf 76' lang='grc' dir='ltr'><em>ἀγεννῶς</em></span> <span class='ocrx_word' id='word_1_83' title='bbox 549 1196 635 1280; x_wconf 78' lang='grc' dir='ltr'><em>ἔχῃς,</em></span> <span class='ocrx_word' id='word_1_84' title='bbox 659 1195 760 1260; x_wconf 80' lang='grc' dir='ltr'><em>πόλιν</em></span> <span class='ocrx_word' id='word_1_85' title='bbox 777 1192 979 1260; x_wconf 84' lang='grc' dir='ltr'><em>καὶτούτων</em></span> <span class='ocrx_word' id='word_1_86' title='bbox 998 1193 1202 1260; x_wconf 81' lang='grc' dir='ltr'><em>ἀπαλλαττό-</em></span> 
     </span>
     <span class='ocr_line' id='line_1_12' title="bbox 184 1296 1240 1383; baseline -0.004 -19"><span class='ocrx_word' id='word_1_87' title='bbox 184 1320 283 1383; x_wconf 84' lang='grc' dir='ltr'><em>μενος</em></span> <span class='ocrx_word' id='word_1_88' title='bbox 305 1304 397 1364; x_wconf 91' lang='grc' dir='ltr'><em>κλαῖε</em></span> <span class='ocrx_word' id='word_1_89' title='bbox 420 1296 476 1364; x_wconf 81' lang='grc' dir='ltr'><em>καὶ</em></span> <span class='ocrx_word' id='word_1_90' title='bbox 499 1298 601 1365; x_wconf 85' lang='grc' dir='ltr'><em>στένε.</em></span> <span class='ocrx_word' id='word_1_91' title='bbox 921 1309 923 1312; x_wconf 83' lang='grc'><strong>’</strong></span> <span class='ocrx_word' id='word_1_92' title='bbox 1079 1351 1082 1356; x_wconf 15' lang='lat' dir='ltr'>A</span> <span class='ocrx_word' id='word_1_93' title='bbox 1215 1318 1240 1360; x_wconf 84' lang='grc' dir='ltr'><em>ιο</em></span> 
     </span>
     <span class='ocr_line' id='line_1_13' title="bbox 131 1400 1203 1492; baseline 0.001 -22"><span class='ocrx_word' id='word_1_94' title='bbox 131 1421 165 1470; x_wconf 80' lang='lat'><em>58</em></span> <span class='ocrx_word' id='word_1_95' title='bbox 253 1409 333 1480; x_wconf 81' lang='grc' dir='ltr'><em>Πῶς</em></span> <span class='ocrx_word' id='word_1_96' title='bbox 360 1400 423 1470; x_wconf 86' lang='grc' dir='ltr'><em>οὖν</em></span> <span class='ocrx_word' id='word_1_97' title='bbox 450 1404 595 1490; x_wconf 75' lang='grc' dir='ltr'><em>γένωμαι</em></span> <span class='ocrx_word' id='word_1_98' title='bbox 623 1409 858 1492; x_wconf 90' lang='grc' dir='ltr'><em>φιλόστοργος;</em></span> <span class='ocrx_word' id='word_1_99' title='bbox 888 1445 930 1454; x_wconf 89' lang='grc'>-</span> <span class='ocrx_word' id='word_1_100' title='bbox 953 1405 1008 1484; x_wconf 81' lang='grc' dir='ltr'><em>Ὡς</em></span> <span class='ocrx_word' id='word_1_101' title='bbox 1036 1417 1203 1490; x_wconf 74' lang='grc' dir='ltr'><em>γενναῖος,</em></span> 
     </span>
     <span class='ocr_line' id='line_1_14' title="bbox 186 1508 1203 1600; baseline 0 -24"><span class='ocrx_word' id='word_1_102' title='bbox 186 1512 231 1588; x_wconf 78' lang='grc' dir='ltr'><em>ὡς</em></span> <span class='ocrx_word' id='word_1_103' title='bbox 249 1510 401 1597; x_wconf 85' lang='grc' dir='ltr'><em>εὐτυχής·</em></span> <span class='ocrx_word' id='word_1_104' title='bbox 420 1509 580 1578; x_wconf 86' lang='grc' dir='ltr'><em>οὐδέποτε</em></span> <span class='ocrx_word' id='word_1_105' title='bbox 599 1514 663 1600; x_wconf 88' lang='grc' dir='ltr'><em>γδιρ</em></span> <span class='ocrx_word' id='word_1_106' title='bbox 682 1513 805 1599; x_wconf 87' lang='grc' dir='ltr'><em>αίρεῖδ</em></span> <span class='ocrx_word' id='word_1_107' title='bbox 825 1514 923 1596; x_wconf 88' lang='grc' dir='ltr'><em>λόγος</em></span> <span class='ocrx_word' id='word_1_108' title='bbox 938 1514 1096 1586; x_wconf 86' lang='grc' dir='ltr'><em>ταπεινὸν</em></span> <span class='ocrx_word' id='word_1_109' title='bbox 1114 1508 1203 1577; x_wconf 80' lang='grc' dir='ltr'><em>εἶναι</em></span> 
     </span>
     <span class='ocr_line' id='line_1_15' title="bbox 186 1614 1203 1704; baseline -0.001 -20"><span class='ocrx_word' id='word_1_110' title='bbox 186 1614 266 1684; x_wconf 76' lang='grc' dir='ltr'><em>οὐδὲ</em></span> <span class='ocrx_word' id='word_1_111' title='bbox 302 1624 529 1684; x_wconf 85' lang='grc' dir='ltr'><em>κατακλῖισθαι</em></span> <span class='ocrx_word' id='word_1_112' title='bbox 566 1614 642 1685; x_wconf 86' lang='grc' dir='ltr'><em>οὐδ’</em></span> <span class='ocrx_word' id='word_1_113' title='bbox 688 1618 720 1697; x_wconf 83' lang='grc' dir='ltr'><em>ἐξ</em></span> <span class='ocrx_word' id='word_1_114' title='bbox 757 1621 860 1685; x_wconf 77' lang='grc' dir='ltr'><em>ἄλλου</em></span> <span class='ocrx_word' id='word_1_115' title='bbox 896 1620 1084 1704; x_wconf 79' lang='grc' dir='ltr'><em>κρέμασθαι</em></span> <span class='ocrx_word' id='word_1_116' title='bbox 1122 1615 1203 1684; x_wconf 76' lang='grc' dir='ltr'><em>οὐδὲ</em></span> 
     </span>
     <span class='ocr_line' id='line_1_16' title="bbox 133 1723 1203 1810; baseline 0.001 -23"><span class='ocrx_word' id='word_1_117' title='bbox 133 1741 166 1788; x_wconf 84' lang='lat'><em>59</em></span> <span class='ocrx_word' id='word_1_118' title='bbox 186 1723 384 1810; x_wconf 81' lang='grc' dir='ltr'><em>μέμψασθαί</em></span> <span class='ocrx_word' id='word_1_119' title='bbox 407 1747 486 1791; x_wconf 92' lang='grc' dir='ltr'><em>ποτε</em></span> <span class='ocrx_word' id='word_1_120' title='bbox 514 1727 598 1791; x_wconf 85' lang='grc' dir='ltr'><em>θεὸν</em></span> <span class='ocrx_word' id='word_1_121' title='bbox 626 1725 646 1809; x_wconf 88' lang='grc' dir='ltr'><em>ή</em></span> <span class='ocrx_word' id='word_1_122' title='bbox 675 1727 868 1810; x_wconf 74' lang='grc' dir='ltr'><em>ἄνθρωπον.</em></span> <span class='ocrx_word' id='word_1_123' title='bbox 914 1725 1000 1790; x_wconf 84' lang='grc' dir='ltr'><em>οὕτω</em></span> <span class='ocrx_word' id='word_1_124' title='bbox 1024 1749 1081 1810; x_wconf 92' lang='grc' dir='ltr'><em>μοι</em></span> <span class='ocrx_word' id='word_1_125' title='bbox 1104 1727 1203 1808; x_wconf 90' lang='grc' dir='ltr'><em>γίνου</em></span> 
     </span>
     <span class='ocr_line' id='line_1_17' title="bbox 186 1827 1240 1918; baseline -0.005 -21"><span class='ocrx_word' id='word_1_126' title='bbox 186 1834 406 1918; x_wconf 79' lang='grc' dir='ltr'><em>φιλόστοργος</em></span> <span class='ocrx_word' id='word_1_127' title='bbox 429 1832 474 1908; x_wconf 82' lang='grc' dir='ltr'><em>ὡς</em></span> <span class='ocrx_word' id='word_1_128' title='bbox 496 1840 598 1896; x_wconf 87' lang='grc' dir='ltr'><em>ταῦτα</em></span> <span class='ocrx_word' id='word_1_129' title='bbox 626 1833 793 1918; x_wconf 85' lang='grc' dir='ltr'><em>τήρήσων·</em></span> <span class='ocrx_word' id='word_1_130' title='bbox 821 1833 853 1895; x_wconf 91' lang='grc' dir='ltr'><em>εί</em></span> <span class='ocrx_word' id='word_1_131' title='bbox 880 1827 917 1896; x_wconf 79' lang='grc' dir='ltr'><em>δέ</em></span> <span class='ocrx_word' id='word_1_132' title='bbox 945 1831 1000 1896; x_wconf 87' lang='grc' dir='ltr'><em>διδι</em></span> <span class='ocrx_word' id='word_1_133' title='bbox 1023 1832 1084 1914; x_wconf 85' lang='grc' dir='ltr'><em>τήν</em></span> <span class='ocrx_word' id='word_1_134' title='bbox 1106 1836 1203 1916; x_wconf 80' lang='grc' dir='ltr'><em>φιλο·</em></span> <span class='ocrx_word' id='word_1_135' title='bbox 1217 1850 1240 1890; x_wconf 77' lang='grc' dir='ltr'><em>ω</em></span> 
     </span>
     <span class='ocr_line' id='line_1_18' title="bbox 188 1936 1203 2022; baseline 0.001 -19"><span class='ocrx_word' id='word_1_136' title='bbox 188 1940 347 2022; x_wconf 87' lang='grc' dir='ltr'><em>στοργίαν</em></span> <span class='ocrx_word' id='word_1_137' title='bbox 374 1936 512 2019; x_wconf 79' lang='grc' dir='ltr'><em>ταύτην,</em></span> <span class='ocrx_word' id='word_1_138' title='bbox 548 1936 666 2020; x_wconf 83' lang='grc' dir='ltr'><em>ήντινοί</em></span> <span class='ocrx_word' id='word_1_139' title='bbox 698 1958 777 2003; x_wconf 89' lang='grc' dir='ltr'><em>ποτε</em></span> <span class='ocrx_word' id='word_1_140' title='bbox 805 1936 861 2003; x_wconf 79' lang='grc' dir='ltr'><em>καί</em></span> <span class='ocrx_word' id='word_1_141' title='bbox 887 1943 998 2014; x_wconf 89' lang='grc' dir='ltr'><em>καλεῖς</em></span> <span class='ocrx_word' id='word_1_142' title='bbox 1025 1942 1203 2022; x_wconf 87' lang='grc' dir='ltr'><em>φιλοστορ-</em></span> 
     </span>
     <span class='ocr_line' id='line_1_19' title="bbox 187 2038 1206 2127; baseline 0.002 -21"><span class='ocrx_word' id='word_1_143' title='bbox 187 2045 280 2126; x_wconf 92' lang='grc' dir='ltr'><em>γίαν,</em></span> <span class='ocrx_word' id='word_1_144' title='bbox 311 2044 431 2117; x_wconf 85' lang='grc' dir='ltr'><em>δοῦλος</em></span> <span class='ocrx_word' id='word_1_145' title='bbox 460 2041 590 2126; x_wconf 81' lang='grc' dir='ltr'><em>μέλλεις</em></span> <span class='ocrx_word' id='word_1_146' title='bbox 619 2038 707 2108; x_wconf 78' lang='grc' dir='ltr'><em>εἶναι</em></span> <span class='ocrx_word' id='word_1_147' title='bbox 734 2042 789 2109; x_wconf 79' lang='grc' dir='ltr'><em>καὶ</em></span> <span class='ocrx_word' id='word_1_148' title='bbox 812 2045 945 2127; x_wconf 79' lang='grc' dir='ltr'><em>ἅθλιος,</em></span> <span class='ocrx_word' id='word_1_149' title='bbox 974 2041 1015 2108; x_wconf 87' lang='grc' dir='ltr'><em>οὐ</em></span> <span class='ocrx_word' id='word_1_150' title='bbox 1039 2048 1206 2109; x_wconf 81' lang='grc' dir='ltr'><em>λυσιτελεῖ</em></span> 
     </span>
     <span class='ocr_line' id='line_1_20' title="bbox 134 2143 1204 2237; baseline 0.001 -24"><span class='ocrx_word' id='word_1_151' title='bbox 134 2164 168 2213; x_wconf 82' lang='grc'><em>60</em></span> <span class='ocrx_word' id='word_1_152' title='bbox 188 2150 413 2232; x_wconf 80' lang='grc' dir='ltr'><em>φιλόστοργον</em></span> <span class='ocrx_word' id='word_1_153' title='bbox 436 2143 531 2213; x_wconf 81' lang='grc' dir='ltr'><em>εἶναι.</em></span> <span class='ocrx_word' id='word_1_154' title='bbox 568 2147 624 2215; x_wconf 87' lang='grc' dir='ltr'><em>καὶ</em></span> <span class='ocrx_word' id='word_1_155' title='bbox 642 2152 676 2214; x_wconf 90' lang='grc' dir='ltr'><em>τί</em></span> <span class='ocrx_word' id='word_1_156' title='bbox 690 2152 812 2215; x_wconf 86' lang='grc' dir='ltr'><em>κωλύει</em></span> <span class='ocrx_word' id='word_1_157' title='bbox 830 2155 943 2237; x_wconf 82' lang='grc' dir='ltr'><em>φιλεῖν</em></span> <span class='ocrx_word' id='word_1_158' title='bbox 962 2174 1038 2215; x_wconf 86' lang='grc' dir='ltr'><em>τινα</em></span> <span class='ocrx_word' id='word_1_159' title='bbox 1057 2151 1102 2226; x_wconf 83' lang='grc' dir='ltr'><em>ὡς</em></span> <span class='ocrx_word' id='word_1_160' title='bbox 1119 2156 1204 2232; x_wconf 80' lang='grc' dir='ltr'><em>θνη·</em></span> 
     </span>
     <span class='ocr_line' id='line_1_21' title="bbox 187 2253 1205 2340; baseline 0.003 -22"><span class='ocrx_word' id='word_1_161' title='bbox 187 2256 261 2336; x_wconf 91' lang='grc' dir='ltr'><em>τόν,</em></span> <span class='ocrx_word' id='word_1_162' title='bbox 290 2254 334 2330; x_wconf 84' lang='grc' dir='ltr'><em>ὡς</em></span> <span class='ocrx_word' id='word_1_163' title='bbox 360 2254 622 2339; x_wconf 80' lang='grc' dir='ltr'><em>ἀποδήμήτικόν;</em></span> <span class='ocrx_word' id='word_1_164' title='bbox 651 2254 671 2338; x_wconf 88' lang='grc' dir='ltr'><em>ή</em></span> <span class='ocrx_word' id='word_1_165' title='bbox 695 2257 876 2340; x_wconf 79' lang='grc' dir='ltr'><em>Σωκράτης</em></span> <span class='ocrx_word' id='word_1_166' title='bbox 904 2253 965 2321; x_wconf 80' lang='grc' dir='ltr'><em>οὐκ</em></span> <span class='ocrx_word' id='word_1_167' title='bbox 992 2255 1098 2340; x_wconf 87' lang='grc' dir='ltr'><em>ἐφίλει</em></span> <span class='ocrx_word' id='word_1_168' title='bbox 1126 2259 1205 2333; x_wconf 83' lang='grc' dir='ltr'><em>τοὺς</em></span> 
     </span>
     <span class='ocr_line' id='line_1_22' title="bbox 187 2356 1242 2446; baseline -0.003 -20"><span class='ocrx_word' id='word_1_169' title='bbox 187 2361 308 2438; x_wconf 86' lang='grc' dir='ltr'><em>παῖδας</em></span> <span class='ocrx_word' id='word_1_170' title='bbox 334 2364 412 2438; x_wconf 86' lang='grc' dir='ltr'><em>τοὺς</em></span> <span class='ocrx_word' id='word_1_171' title='bbox 439 2359 574 2439; x_wconf 85' lang='grc' dir='ltr'><em>έαντοῦ;</em></span> <span class='ocrx_word' id='word_1_172' title='bbox 606 2356 678 2426; x_wconf 79' lang='grc' dir='ltr'><em>ἀλλ’</em></span> <span class='ocrx_word' id='word_1_173' title='bbox 711 2361 755 2439; x_wconf 77' lang='grc' dir='ltr'><em>ὡς</em></span> <span class='ocrx_word' id='word_1_174' title='bbox 782 2359 974 2444; x_wconf 84' lang='grc' dir='ltr'><em>ἐλεύθερος,</em></span> <span class='ocrx_word' id='word_1_175' title='bbox 1008 2361 1052 2438; x_wconf 79' lang='grc' dir='ltr'><em>ὡς</em></span> <span class='ocrx_word' id='word_1_176' title='bbox 1080 2385 1203 2446; x_wconf 81' lang='grc' dir='ltr'><em>μεμνή-</em></span> <span class='ocrx_word' id='word_1_177' title='bbox 1217 2383 1242 2422; x_wconf 81' lang='grc' dir='ltr'><em>εν</em></span> 
     </span>
     <span class='ocr_line' id='line_1_23' title="bbox 134 2460 1204 2552; baseline 0.004 -22"><span class='ocrx_word' id='word_1_178' title='bbox 134 2482 166 2530; x_wconf 85' lang='lat'><em>61</em></span> <span class='ocrx_word' id='word_1_179' title='bbox 187 2465 287 2552; x_wconf 89' lang='grc' dir='ltr'><em>μένος</em></span> <span class='ocrx_word' id='word_1_180' title='bbox 314 2466 365 2531; x_wconf 85' lang='grc' dir='ltr'><em>ὅτι</em></span> <span class='ocrx_word' id='word_1_181' title='bbox 392 2477 525 2552; x_wconf 83' lang='grc' dir='ltr'><em>πρῶτον</em></span> <span class='ocrx_word' id='word_1_182' title='bbox 553 2467 606 2530; x_wconf 91' lang='grc' dir='ltr'><em>δεῖ</em></span> <span class='ocrx_word' id='word_1_183' title='bbox 629 2473 724 2542; x_wconf 88' lang='grc' dir='ltr'><em>θεοῖς</em></span> <span class='ocrx_word' id='word_1_184' title='bbox 751 2460 837 2530; x_wconf 78' lang='grc' dir='ltr'><em>εἶναι</em></span> <span class='ocrx_word' id='word_1_185' title='bbox 864 2469 973 2552; x_wconf 91' lang='grc' dir='ltr'><em>φίλον.</em></span> <span class='ocrx_word' id='word_1_186' title='bbox 1019 2468 1076 2532; x_wconf 84' lang='grc' dir='ltr'><em>διὰ</em></span> <span class='ocrx_word' id='word_1_187' title='bbox 1104 2478 1204 2534; x_wconf 85' lang='grc' dir='ltr'><em>τοῦτο</em></span> 
     </span>
     <span class='ocr_line' id='line_1_24' title="bbox 189 2569 1205 2662; baseline 0 -23"><span class='ocrx_word' id='word_1_188' title='bbox 189 2569 289 2639; x_wconf 75' lang='grc' dir='ltr'><em>οὐδὲν</em></span> <span class='ocrx_word' id='word_1_189' title='bbox 312 2571 439 2659; x_wconf 81' lang='grc' dir='ltr'><em>παρέβη</em></span> <span class='ocrx_word' id='word_1_190' title='bbox 461 2583 529 2637; x_wconf 80' lang='grc' dir='ltr'><em>τῶν</em></span> <span class='ocrx_word' id='word_1_191' title='bbox 551 2574 747 2657; x_wconf 89' lang='grc' dir='ltr'><em>πρεπόντων</em></span> <span class='ocrx_word' id='word_1_192' title='bbox 770 2570 869 2657; x_wconf 83' lang='grc' dir='ltr'><em>ἀνδρὶ</em></span> <span class='ocrx_word' id='word_1_193' title='bbox 892 2571 1009 2662; x_wconf 73' lang='grc' dir='ltr'><em>ἀγαθῷ</em></span> <span class='ocrx_word' id='word_1_194' title='bbox 1029 2570 1099 2639; x_wconf 80' lang='grc' dir='ltr'><em>οὔτ’</em></span> <span class='ocrx_word' id='word_1_195' title='bbox 1124 2573 1205 2639; x_wconf 80' lang='grc' dir='ltr'><em>ἄπο-</em></span> 
     </span>
     <span class='ocr_line' id='line_1_25' title="bbox 188 2675 1205 2765; baseline 0.003 -22"><span class='ocrx_word' id='word_1_196' title='bbox 188 2679 392 2762; x_wconf 89' lang='grc' dir='ltr'><em>λογούμενος</em></span> <span class='ocrx_word' id='word_1_197' title='bbox 415 2676 492 2744; x_wconf 83' lang='grc' dir='ltr'><em>οὔθ’</em></span> <span class='ocrx_word' id='word_1_198' title='bbox 514 2677 762 2763; x_wconf 85' lang='grc' dir='ltr'><em>ὑποτιμώμενος</em></span> <span class='ocrx_word' id='word_1_199' title='bbox 785 2675 855 2744; x_wconf 79' lang='grc' dir='ltr'><em>οὔτ’</em></span> <span class='ocrx_word' id='word_1_200' title='bbox 880 2681 928 2744; x_wconf 84' lang='grc' dir='ltr'><em>ἐτι</em></span> <span class='ocrx_word' id='word_1_201' title='bbox 950 2681 1102 2765; x_wconf 80' lang='grc' dir='ltr'><em>πρόσθεν</em></span> <span class='ocrx_word' id='word_1_202' title='bbox 1125 2684 1205 2764; x_wconf 81' lang='grc' dir='ltr'><em>βου-</em></span> 
     </span>
     <span class='ocr_line' id='line_1_26' title="bbox 135 2781 1205 2872; baseline 0.002 -22"><span class='ocrx_word' id='word_1_203' title='bbox 135 2801 169 2850; x_wconf 75' lang='grc' dir='ltr'><em>σν</em></span> <span class='ocrx_word' id='word_1_204' title='bbox 190 2785 298 2848; x_wconf 87' lang='grc' dir='ltr'><em>λεύων</em></span> <span class='ocrx_word' id='word_1_205' title='bbox 326 2783 346 2867; x_wconf 84' lang='grc' dir='ltr'><em>ή</em></span> <span class='ocrx_word' id='word_1_206' title='bbox 375 2788 643 2870; x_wconf 89' lang='grc' dir='ltr'><em>στρατευόμενος.</em></span> <span class='ocrx_word' id='word_1_207' title='bbox 688 2785 782 2869; x_wconf 78' lang='grc' dir='ltr'><em>ἡμεῖς</em></span> <span class='ocrx_word' id='word_1_208' title='bbox 809 2781 846 2849; x_wconf 72' lang='grc' dir='ltr'><em>δὲ</em></span> <span class='ocrx_word' id='word_1_209' title='bbox 873 2786 981 2870; x_wconf 81' lang='grc' dir='ltr'><em>πόσης</em></span> <span class='ocrx_word' id='word_1_210' title='bbox 1007 2787 1205 2872; x_wconf 80' lang='grc' dir='ltr'><em>προφάσεως</em></span> 
     </span>
     <span class='ocr_line' id='line_1_27' title="bbox 188 2887 1242 2977; baseline 0 -24"><span class='ocrx_word' id='word_1_211' title='bbox 188 2891 271 2973; x_wconf 88' lang='grc' dir='ltr'><em>πρὸς</em></span> <span class='ocrx_word' id='word_1_212' title='bbox 295 2891 331 2954; x_wconf 87' lang='grc' dir='ltr'><em>τὸ</em></span> <span class='ocrx_word' id='word_1_213' title='bbox 355 2889 505 2972; x_wconf 84' lang='grc' dir='ltr'><em>ἀγεννεῖς</em></span> <span class='ocrx_word' id='word_1_214' title='bbox 527 2887 614 2956; x_wconf 76' lang='grc' dir='ltr'><em>εἶναι</em></span> <span class='ocrx_word' id='word_1_215' title='bbox 637 2889 855 2977; x_wconf 84' lang='grc' dir='ltr'><em>εὐποροῦμεν,</em></span> <span class='ocrx_word' id='word_1_216' title='bbox 880 2893 916 2957; x_wconf 89' lang='grc' dir='ltr'><em>οί</em></span> <span class='ocrx_word' id='word_1_217' title='bbox 934 2889 996 2977; x_wconf 77' lang='grc' dir='ltr'><em>μὲν</em></span> <span class='ocrx_word' id='word_1_218' title='bbox 1014 2893 1071 2958; x_wconf 80' lang='grc' dir='ltr'><em>διὰ</em></span> <span class='ocrx_word' id='word_1_219' title='bbox 1089 2895 1203 2976; x_wconf 87' lang='grc' dir='ltr'><em>παῖδα,</em></span> <span class='ocrx_word' id='word_1_220' title='bbox 1217 2912 1242 2953; x_wconf 77' lang='grc' dir='ltr'><em>τε</em></span> 
     </span>
     <span class='ocr_line' id='line_1_28' title="bbox 134 2991 1301 3083; baseline 0.005 -23"><span class='ocrx_word' id='word_1_221' title='bbox 134 3012 168 3060; x_wconf 80' lang='grc'><em>63</em></span> <span class='ocrx_word' id='word_1_222' title='bbox 189 2996 225 3060; x_wconf 85' lang='grc' dir='ltr'><em>οί</em></span> <span class='ocrx_word' id='word_1_223' title='bbox 245 2991 282 3060; x_wconf 71' lang='grc' dir='ltr'><em>δὲ</em></span> <span class='ocrx_word' id='word_1_224' title='bbox 305 2996 361 3059; x_wconf 88' lang='grc' dir='ltr'><em>διδι</em></span> <span class='ocrx_word' id='word_1_225' title='bbox 384 2993 518 3081; x_wconf 82' lang='grc' dir='ltr'><em>μητέρα,</em></span> <span class='ocrx_word' id='word_1_226' title='bbox 542 2999 637 3063; x_wconf 84' lang='grc' dir='ltr'><em>όίλλοι</em></span> <span class='ocrx_word' id='word_1_227' title='bbox 661 2993 697 3063; x_wconf 75' lang='grc' dir='ltr'><em>δὲ</em></span> <span class='ocrx_word' id='word_1_228' title='bbox 722 2995 765 3062; x_wconf 91' lang='grc' dir='ltr'><em>δι’</em></span> <span class='ocrx_word' id='word_1_229' title='bbox 788 2997 963 3083; x_wconf 84' lang='grc' dir='ltr'><em>ἀδελφούς.</em></span> <span class='ocrx_word' id='word_1_230' title='bbox 1009 2997 1053 3063; x_wconf 90' lang='grc' dir='ltr'><em>δι’</em></span> <span class='ocrx_word' id='word_1_231' title='bbox 1081 2996 1204 3065; x_wconf 81' lang='grc' dir='ltr'><em>οὐδένα</em></span> <span class='ocrx_word' id='word_1_232' title='bbox 1300 3061 1301 3066; x_wconf 73' lang='grc'>,</span> 
     </span>
     <span class='ocr_line' id='line_1_29' title="bbox 17 3097 1203 3190; baseline 0.007 -26"><span class='ocrx_word' id='word_1_233' title='bbox 17 3101 18 3106; x_wconf 71' lang='grc'>’</span> <span class='ocrx_word' id='word_1_234' title='bbox 189 3097 227 3166; x_wconf 79' lang='grc' dir='ltr'><em>δέ</em></span> <span class='ocrx_word' id='word_1_235' title='bbox 249 3103 408 3186; x_wconf 87' lang='grc' dir='ltr'><em>προσήκει</em></span> <span class='ocrx_word' id='word_1_236' title='bbox 432 3104 619 3189; x_wconf 88' lang='grc' dir='ltr'><em>δυστυχεῖν,</em></span> <span class='ocrx_word' id='word_1_237' title='bbox 643 3103 726 3170; x_wconf 86' lang='grc' dir='ltr'><em>ἀλλδι</em></span> <span class='ocrx_word' id='word_1_238' title='bbox 745 3097 896 3190; x_wconf 83' lang='grc' dir='ltr'><em>εὐτυχεῖν</em></span> <span class='ocrx_word' id='word_1_239' title='bbox 916 3106 972 3170; x_wconf 89' lang='grc' dir='ltr'><em>διδι</em></span> <span class='ocrx_word' id='word_1_240' title='bbox 990 3105 1126 3189; x_wconf 79' lang='grc' dir='ltr'><em>πάντας,</em></span> <span class='ocrx_word' id='word_1_241' title='bbox 1144 3107 1203 3189; x_wconf 82' lang='grc' dir='ltr'><em>μό-</em></span> 
     </span>
     <span class='ocr_line' id='line_1_30' title="bbox 188 3203 1202 3295; baseline 0.005 -24"><span class='ocrx_word' id='word_1_242' title='bbox 188 3212 283 3272; x_wconf 88' lang='grc' dir='ltr'><em>λιστα</em></span> <span class='ocrx_word' id='word_1_243' title='bbox 307 3203 343 3272; x_wconf 73' lang='grc' dir='ltr'><em>δὲ</em></span> <span class='ocrx_word' id='word_1_244' title='bbox 367 3208 423 3272; x_wconf 83' lang='grc' dir='ltr'><em>διδ</em></span> <span class='ocrx_word' id='word_1_245' title='bbox 445 3210 504 3274; x_wconf 89' lang='grc' dir='ltr'><em>τὸν</em></span> <span class='ocrx_word' id='word_1_246' title='bbox 527 3209 611 3275; x_wconf 86' lang='grc' dir='ltr'><em>θεὸν</em></span> <span class='ocrx_word' id='word_1_247' title='bbox 629 3213 688 3276; x_wconf 90' lang='grc' dir='ltr'><em>τὸν</em></span> <span class='ocrx_word' id='word_1_248' title='bbox 707 3208 761 3275; x_wconf 82' lang='grc' dir='ltr'><em>ἐπὶ</em></span> <span class='ocrx_word' id='word_1_249' title='bbox 784 3219 882 3276; x_wconf 88' lang='grc' dir='ltr'><em>τοῦτο</em></span> <span class='ocrx_word' id='word_1_250' title='bbox 900 3211 986 3295; x_wconf 82' lang='grc' dir='ltr'><em>ἡμεῖς</em></span> <span class='ocrx_word' id='word_1_251' title='bbox 1003 3211 1202 3276; x_wconf 81' lang='grc' dir='ltr'><em>κατασκευά-</em></span> 
     </span>
    </p>
   </div>
   <div class='ocr_carea' id='block_1_4' title="bbox 187 3394 1202 3605">
    <p class='ocr_par' dir='ltr' id='par_1_7' title="bbox 187 3394 1202 3605">
     <span class='ocr_line' id='line_1_31' title="bbox 262 3394 1202 3470; baseline 0.007 -21"><span class='ocrx_word' id='word_1_252' title='bbox 262 3403 294 3449; x_wconf 80' lang='grc'><em>12</em></span> <span class='ocrx_word' id='word_1_253' title='bbox 314 3394 393 3466; x_wconf 80' lang='grc' dir='ltr'><em>αἱρεῖ</em></span> <span class='ocrx_word' id='word_1_254' title='bbox 411 3397 486 3464; x_wconf 57' lang='lat' dir='ltr'><em>Um:</em></span> <span class='ocrx_word' id='word_1_255' title='bbox 510 3397 572 3466; x_wconf 86' lang='grc' dir='ltr'><em>ἐρεῖ</em></span> <span class='ocrx_word' id='word_1_256' title='bbox 585 3398 607 3454; x_wconf 78' lang='lat' dir='ltr'><strong><em>S</em></strong></span> <span class='ocrx_word' id='word_1_257' title='bbox 641 3403 649 3469; x_wconf 70' lang='grc' dir='ltr'><em>ήΙ</em></span> <span class='ocrx_word' id='word_1_258' title='bbox 689 3406 722 3454; x_wconf 83' lang='grc'><em>16</em></span> <span class='ocrx_word' id='word_1_259' title='bbox 745 3399 863 3469; x_wconf 77' lang='grc' dir='ltr'><em>ταύτην,</em></span> <span class='ocrx_word' id='word_1_260' title='bbox 887 3399 987 3469; x_wconf 82' lang='grc' dir='ltr'><em>ήντινα</em></span> <span class='ocrx_word' id='word_1_261' title='bbox 1011 3403 1088 3470; x_wconf 61' lang='lat' dir='ltr'><em>Um:</em></span> <span class='ocrx_word' id='word_1_262' title='bbox 1115 3411 1202 3456; x_wconf 86' lang='grc' dir='ltr'><em>ταῦτα</em></span> 
     </span>
     <span class='ocr_line' id='line_1_32' title="bbox 188 3465 1201 3540; baseline 0.007 -21"><span class='ocrx_word' id='word_1_263' title='bbox 188 3465 240 3534; x_wconf 81' lang='grc' dir='ltr'><em>τὴν</em></span> <span class='ocrx_word' id='word_1_264' title='bbox 258 3467 323 3519; x_wconf 90' lang='grc' dir='ltr'><em>τίνοι</em></span> <span class='ocrx_word' id='word_1_265' title='bbox 342 3467 376 3520; x_wconf 80' lang='lat' dir='ltr'><em>S:</em></span> <span class='ocrx_word' id='word_1_266' title='bbox 399 3481 468 3521; x_wconf 80' lang='lat' dir='ltr'><em>corr.</em></span> <span class='ocrx_word' id='word_1_267' title='bbox 492 3468 553 3536; x_wconf 75' lang='lat' dir='ltr'><strong><em>Upt.</em></strong></span> <span class='ocrx_word' id='word_1_268' title='bbox 595 3473 604 3536; x_wconf 81' lang='grc' dir='ltr'><em>ΙΙ</em></span> <span class='ocrx_word' id='word_1_269' title='bbox 645 3469 693 3523; x_wconf 83' lang='grc' dir='ltr'><em>καλ</em></span> <span class='ocrx_word' id='word_1_270' title='bbox 716 3472 766 3526; x_wconf 80' lang='lat' dir='ltr'><em>del.</em></span> <span class='ocrx_word' id='word_1_271' title='bbox 796 3472 857 3540; x_wconf 76' lang='lat' dir='ltr'><strong><em>Upt.</em></strong></span> <span class='ocrx_word' id='word_1_272' title='bbox 899 3475 908 3540; x_wconf 80' lang='lat' dir='ltr'>ss</span> <span class='ocrx_word' id='word_1_273' title='bbox 949 3479 983 3527; x_wconf 80' lang='lat'><em>23</em></span> <span class='ocrx_word' id='word_1_274' title='bbox 1003 3471 1069 3528; x_wconf 75' lang='grc' dir='ltr'><em>οὔθ’</em></span> <span class='ocrx_word' id='word_1_275' title='bbox 1091 3490 1117 3528; x_wconf 89' lang='lat' dir='ltr'><em>s:</em></span> <span class='ocrx_word' id='word_1_276' title='bbox 1142 3470 1201 3527; x_wconf 75' lang='grc' dir='ltr'><em>οὔτ’</em></span> 
     </span>
     <span class='ocr_line' id='line_1_33' title="bbox 187 3536 652 3605; baseline 0.004 -13"><span class='ocrx_word' id='word_1_277' title='bbox 187 3536 211 3592; x_wconf 83' lang='lat' dir='ltr'><strong><em>S</em></strong></span> <span class='ocrx_word' id='word_1_278' title='bbox 240 3538 250 3604; x_wconf 82' lang='grc' dir='ltr'><em>ΙΙ</em></span> <span class='ocrx_word' id='word_1_279' title='bbox 282 3543 314 3590; x_wconf 80' lang='lat'><em>25</em></span> <span class='ocrx_word' id='word_1_280' title='bbox 335 3537 479 3605; x_wconf 80' lang='grc' dir='ltr'><em>ἀγγεννεῖς</em></span> <span class='ocrx_word' id='word_1_281' title='bbox 498 3539 532 3592; x_wconf 79' lang='lat' dir='ltr'><em>S:</em></span> <span class='ocrx_word' id='word_1_282' title='bbox 551 3554 652 3593; x_wconf 70' lang='lat' dir='ltr'><em>eorm</em></span> 
     </span>
    </p>
   </div>
   <div class='ocr_carea' id='block_1_5' title="bbox 0 0 1322 3930">
    <p class='ocr_par' dir='ltr' id='par_1_8' title="bbox 0 0 1322 3930">
     <span class='ocr_line' id='line_1_34' title="bbox 0 0 1322 3930; baseline 0 0"><span class='ocrx_word' id='word_1_283' title='bbox 0 0 1322 3930; x_wconf 95' lang='lat' dir='ltr'><em> </em></span> 
     </span>
    </p>
   </div>
  </div>
 </body>
</html>
