2630 3928
168 179 212 241 42
310 179 493 233 APPIANOT
511 179 586 232 ΤΩΝ
603 179 821 231 ΕΠῙΚΤΗΤΟΤ
838 178 1035 232 ΔΙΑΤΡΙΒΩΝ

168 341 186 406 ὅ
209 365 258 419 τις
279 341 368 424 αὑτῷ
392 349 561 424 προσῆκον
584 345 687 405 οῖεται
710 340 821 405 διὰτὸ
840 341 1059 424 φιλόστοργος
1083 335 1182 423 εἶναι,

166 457 263 512 τοῦτο
300 457 369 523 τοῖς
405 446 526 529 ὁμοίως
565 450 844 530 φιλοστοργοῦσιν
876 447 920 530 μὴ
954 443 1098 531 ἐφιέναις
1136 484 1180 493 -

115 551 311 632 κσἌτοπον.
338 589 376 599 -
394 550 483 635 Ἄγε,
506 555 548 617 σὺ
572 549 602 616 δ’
630 551 672 616 διν
695 562 806 617 νοσῶν
831 552 980 636 ἠβούλου
1002 556 1182 637 φιλοστόρ-

165 684 245 744 γους
274 659 379 736 οὕτως
408 660 495 743 ἔχειν
524 660 602 735 τοὺς
631 659 859 744 προσήκοντας
888 659 966 735 τούς
996 656 1026 723 τ’
1056 660 1180 736 ἄλλους

164 763 220 831 καὶ
247 765 330 830 αύτδι
357 765 397 829 τδι
424 763 522 830 τέκνα
549 761 604 830 καὶ
632 766 694 849 τὴν
717 775 874 849 γυναῖκα,
905 763 981 831 ὥστ’
1010 766 1180 851 ἀφεθῆναι
1207 785 1222 827 5

114 888 147 936 κο
166 875 267 957 μόνος
286 869 342 937 ὑπ’
366 871 476 937 αὐτῶν
498 869 554 937 καὶ
577 874 711 956 ἔρημος;
734 908 779 918 --
799 871 971 955 Οὐδαμῶς.
994 908 1032 919 -
1053 871 1179 950 Εύξαιο

166 977 196 1045 δ’
228 978 270 1044 δν
303 978 389 1044 οὕτω
422 984 623 1063 στερχθηναι
652 977 718 1043 ὑπὸ
745 988 813 1042 τῶν
841 987 982 1061 σαυτοῦ,
1000 977 1093 1043 ’ὥστε
1122 978 1180 1043 διὰ

164 1086 226 1168 τὴν
249 1086 334 1168 ἄγαν
352 1083 463 1149 αὐτῶν
480 1087 719 1169 φιλοστοργίαν
738 1080 789 1147 ἀεὶ
813 1085 915 1166 μόνος
937 1081 1179 1148 ἀπολείπεσθαι

163 1190 200 1256 ἐν
226 1201 298 1267 ταῖς
323 1193 450 1268 νόσοις;
482 1189 503 1274 ἢ
536 1191 656 1256 τούτου
688 1185 718 1273 γ’
752 1187 849 1254 ἕνεκα
881 1194 1009 1274 μᾶλλον
1036 1188 1079 1254 δν
1111 1190 1178 1255 ὑπὸ

162 1308 229 1363 τῶν
253 1295 401 1381 ἐχθρῶν,
428 1298 460 1360 εἰ
482 1297 628 1361 δυνατὸν
645 1290 710 1378 ην,
739 1299 1035 1380 φιλοστοργεῖσθαι
1057 1295 1178 1382 ηὔχου,
1192 1321 1218 1361 ιο

163 1400 239 1469 ὥστ’
265 1402 504 1468 ἀπολείπεσθαι
531 1399 745 1478 ὑπ’ταύτῦνς
777 1404 809 1466 εἰ
835 1397 873 1467 δὲ
899 1409 1017 1486 ταῦτα,
1044 1401 1178 1467 ὑπολεί-

163 1531 257 1575 πεται
280 1511 436 1593 μηδαμῶς
460 1510 508 1573 ἔτι
530 1511 755 1592 φιλόστοργον
778 1503 925 1573 εἶναιτὸ
948 1507 1108 1594 πραχθέν.

109 1632 143 1681 27
234 1620 276 1682 Τί
302 1611 377 1694 οὖν;
409 1612 510 1682 οὐδὲν
532 1611 576 1700 ἦν
605 1617 642 1680 τὸ
673 1615 814 1698 κινῆσαν
845 1631 882 1679 σε
909 1612 964 1679 καὶ
992 1613 1177 1698 ἐξορμῆσαν

161 1725 244 1806 πρὸς
269 1725 306 1788 τὸ
334 1721 468 1807 ἀφεῖναι
495 1724 533 1788 τὸ
556 1724 705 1800 παιδίον;
733 1718 789 1785 καὶ
816 1730 885 1797 πῶς
911 1712 986 1786 οἷόν
1013 1743 1063 1799 τε;
1092 1721 1177 1786 ἀλλὰ

160 1832 314 1896 τοιοῦτόν
336 1853 368 1894 τι
391 1831 445 1912 ἄν,
469 1819 543 1894 οἷον
565 1825 620 1892 καὶ
644 1827 682 1891 ἐν
700 1824 805 1913 Ῥώμη
829 1827 904 1891 τινδι
924 1821 967 1909 ἣν
985 1828 1023 1892 τὸ
1046 1837 1176 1911 κινοῦν,
1191 1851 1217 1892 ιι
1272 1865 1275 1870 -
1311 1897 1312 1903 1

162 1933 237 2000 ὥστ’
271 1935 535 2018 όγκαλύπτεσθαι
564 1943 624 1999 τοῦ
657 1934 760 1999 ἵππου
791 1931 965 2019 τρέχοντος
997 1927 1023 2021 ᾧ
1058 1932 1176 2000 ἐσπου-

162 2041 275 2124 δάκει,
311 2035 380 2104 εἶτα
423 2041 619 2123 νικησαντός
661 2059 740 2104 ποτε
783 2041 978 2124 παραλόγως
1019 2043 1176 2123 σπόγγων

110 2163 144 2212 28
164 2150 278 2230 δεῆσαι
301 2145 390 2233 αὐτῷ
412 2147 494 2232 πρὸς
517 2147 554 2211 τδ
580 2145 816 2230 ἀναληφθῆναι
840 2150 1097 2231 λιποψυχοῦντα.
1142 2151 1178 2212 τί

161 2248 224 2321 οὖν
238 2254 336 2318 τοῦτό
351 2251 435 2331 ἕσας
454 2255 491 2318 τὸ
510 2249 571 2336 μδν
590 2249 723 2336 ἀκριβὲς
741 2252 782 2318 ού
800 2261 860 2317 τοῦ
878 2253 1043 2336 παρόντος
1056 2263 1174 2340 καιροῦ

160 2361 275 2445 τυχόν·
304 2357 410 2426 ἐκεῖνο
434 2357 465 2423 δ’
494 2358 634 2444 ἀπαρκεῖ
654 2365 851 2442 πεισθῆναι,
874 2363 965 2442 εἴπερ
989 2357 1081 2441 ὑγιές
1105 2359 1175 2425 ἐστι
1190 2381 1217 2420 εο

161 2468 198 2531 τὸ
225 2466 291 2532 ὑπὸ
318 2476 385 2531 τῶν
408 2469 604 2551 φιλοσόφων
631 2468 828 2549 λεγόμενον,
856 2465 907 2530 ότι
935 2465 997 2530 οὐκ
1024 2465 1085 2542 ἔξω
1108 2485 1175 2531 που

162 2576 216 2638 δεῖ
237 2575 342 2656 ζητεῖν
365 2572 458 2655 αὐτό,
481 2570 553 2637 ἀλλ’
575 2573 612 2636 ἓν
635 2570 690 2637 καὶ
711 2572 834 2637 ταύτόν
856 2569 947 2636 ἐστιν
968 2568 1023 2635 ἐπὶ
1040 2571 1175 2637 πάντων

160 2681 198 2744 τὸ
221 2684 328 2743 αῖτιον
351 2687 411 2744 τοῦ
434 2689 543 2744 ποιεῖν
565 2701 597 2743 τι
620 2677 705 2762 ἡμᾶς
726 2677 746 2762 ἢ
770 2679 814 2762 μὴ
837 2687 959 2761 ποιεῖν,
981 2687 1042 2742 τοῦ
1065 2675 1174 2761 λέγειν

161 2784 235 2850 τινὰ
258 2783 278 2868 ἢ
302 2785 346 2867 μὴ
371 2781 495 2867 λέγειν,
522 2794 583 2850 τοῦ
606 2783 801 2868 ἐπαίρεσθαι
824 2782 844 2867 ἢ
869 2782 1125 2866 συστέλλεσθαι,
1153 2784 1174 2868 ἢ

110 2907 143 2957 29
162 2890 299 2975 φεύγειν
322 2891 397 2955 τινὰ
419 2890 440 2975 ἢ
464 2892 615 2974 διώκειν,
641 2886 737 2956 τοῦθ’
765 2890 844 2975 ὅπερ
872 2888 928 2956 καὶ
954 2898 1019 2955 νῦν
1043 2887 1120 2973 ἐμοί
1138 2912 1173 2955 τε
1188 2909 1215 2950 ει

159 2995 215 3062 καὶ
238 2995 292 3062 σοὶ
314 2992 451 3080 γέγονεν
475 3002 598 3078 αῖτιον,
626 2994 679 3061 σοὶ
707 2992 768 3080 μὲν
791 3006 851 3062 τοῦ
875 2994 989 3063 ἐλθεῖν
1011 2998 1094 3079 πρὸς
1116 2993 1173 3080 ἐμὲ

161 3100 216 3169 καλ
234 3108 405 3185 καθῆσθαι
423 3112 487 3168 νῦν
506 3102 683 3187 ἀκούοντα,
706 3101 778 3187 ἐμοὶ
805 3099 842 3168 δὲ
860 3112 920 3169 τοῦ
939 3101 1048 3186 λέγειν
1061 3113 1173 3169 ταῦτα.

108 3227 141 3276 30
160 3212 196 3274 τί
215 3205 246 3274 δ’
274 3206 342 3273 ἐστὶ
365 3217 479 3287 τοῦτο;
503 3202 567 3292 ἆρύ
590 3232 627 3292 γε
651 3211 733 3275 ἄλλο
756 3208 777 3292 ἢ
800 3208 851 3273 ὅτι
874 3208 989 3287 ἔδοξεν
1007 3209 1102 3293 ἡμῖνς
1132 3247 1171 3257 -

233 3412 243 3454 1
266 3400 341 3463 ὅτις
366 3401 453 3454 αύτῶι
481 3400 511 3460 δι,
538 3401 636 3468 (αὑτῶι
659 3403 711 3469 530).-
734 3399 776 3454 ὅτι
799 3399 944 3454 σαυτῶιδ
973 3404 983 3471 η
1016 3406 1049 3454 16
1069 3394 1090 3471 ᾧ
1109 3401 1172 3456 Sal-

158 3474 276 3528 masius:
295 3472 372 3535 03⁶8
397 3474 405 3540 ΙΙ
436 3475 466 3525 18
487 3474 714 3541 λειποψυχοῦντα
729 3470 751 3524 S
763 3471 821 3539 (ειό
839 3489 864 3523 ει
880 3486 949 3526 corr.
965 3489 984 3526 a
998 3471 1039 3540 Sa)
1067 3475 1076 3541 ΙΙ
1103 3469 1171 3540 2λῆ

162 3543 291 3615 φεύγειν]
311 3546 426 3609 fortasse
443 3551 493 3597 τοῦ
513 3541 629 3612 φεύγειν
