2626 3924
185 183 251 248 322
332 183 516 235 εεειεπου
532 183 608 235 που
624 182 842 235 επιπυιιυον
860 183 1055 238 mmm

185 362 275 410 στου.
301 381 339 392 -
365 343 517 409 Δόναται
541 337 603 408 οὖν
626 366 675 420 τις
697 351 758 408 τοῦ
781 346 939 427 μεγίστου
966 343 1101 427 ἀγαθοῦ
1124 369 1205 427 τυγ-

185 451 298 535 χάνων
325 452 584 534 κακοδαιμονεῖν
611 450 632 533 ἣ
662 460 769 526 κακῶς
797 450 972 534 πράσσειν;
1002 487 1041 498 -
1075 451 1135 515 Οὔ.
1158 488 1203 497 -

176 553 299 632 Ὅσους
331 550 393 621 οὖν
421 555 463 622 ἀν
487 556 560 642 ἴδῃς
587 556 932 640 κακοδαιμονοῦντας,
961 558 1203 644 δνσροοῦντας,

184 667 407 746 πευθοῦντας,
435 660 626 747 ἀποφαίνου
649 668 788 749 θαρρῶν
811 664 856 746 μὴ
879 658 966 728 εἶναι
989 661 1204 748 έλευθέρους.

131 785 166 834 53
186 805 228 814 —
250 764 500 854 ἈποραίνομαιΙ
526 806 563 816 -
592 764 728 834 Οὐκοῦν
750 766 814 834 ἀπὸ
845 765 906 852 μὲν
930 759 1021 854 ὠνῆς
1038 767 1095 834 καὶ
1118 769 1203 856 πρά-
1229 795 1242 835 5

185 890 268 951 σεως
289 873 345 941 καὶ
368 884 426 960 τῆς
448 875 601 958 τοιαύτης
620 873 657 940 ἐν
675 876 787 957 κτήσει
805 874 1007 952 κατατάξεως
1029 877 1094 959 ἤδη
1120 875 1204 940 ἀπο-

184 983 425 1068 κεχωρήκαμεν.
476 983 507 1046 εί
532 980 595 1065 γάρ
624 980 736 1064 ὀρθῶς
762 981 980 1065 ὡμολόγησας
1005 990 1123 1064 ταῦτα,
1159 984 1204 1046 ἀν

183 1109 218 1151 τε
242 1085 343 1171 μέγας
365 1089 520 1171 βασιλεὺς
541 1088 778 1172 κακοδαιμονῇ,
802 1083 865 1152 οὐκ
883 1086 925 1152 ἀν
945 1086 1136 1174 ἐλεύθερος,
1159 1089 1204 1153 ἀν

183 1213 218 1256 τε
241 1194 358 1276 μικρός
380 1193 423 1257 ἀν
445 1189 480 1256 θ’
508 1191 664 1268 ὑπατικὸς
687 1193 729 1258 ἀν
751 1215 786 1257 τε
811 1193 999 1270 δισύπατος.
1023 1231 1064 1241 -
1081 1192 1202 1260 Ἔστω.

129 1313 166 1362 54
244 1293 314 1360 Ἔτι
339 1291 401 1363 οὖν
423 1296 604 1383 ἀπόκριναί
623 1322 680 1383 μοι
702 1297 849 1365 κάκεῖνο·
874 1301 968 1365 δοκεῖ
984 1316 1038 1365 σοι
1060 1303 1148 1384 μέγα
1169 1324 1203 1364 τι
1218 1325 1244 1364 ιο

185 1396 270 1467 είναι
290 1401 346 1468 καί
364 1415 520 1487 γενναῖον
539 1404 559 1487 ἡ
580 1404 756 1490 ἐλευθερία
773 1402 829 1469 καὶ
848 1403 1039 1488 ἀξιόλογον;
1060 1443 1103 1454 -
1118 1411 1204 1483 Πῶς

184 1508 247 1595 γάρ
272 1509 328 1586 οὕς
355 1546 391 1555 -
409 1508 524 1575 Ἔστιν
547 1504 610 1575 οὖν
633 1509 839 1595 τυγχάνοντά
858 1534 948 1586 τινος
971 1510 1077 1588 οὕτως
1099 1513 1203 1596 μεγά-
1295 1525 1296 1610 Q

184 1618 246 1681 λου
273 1612 329 1680 καὶ
361 1614 536 1698 ἀξιολόγου
568 1614 624 1680 καί
654 1618 811 1698 γενναίου
838 1617 997 1682 ταπεινὸν
1023 1612 1124 1695 είναις
1159 1656 1200 1668 -
1295 1631 1296 1688 Q

129 1737 165 1785 σο
186 1721 257 1786 Οὐκ
289 1724 389 1787 ἔστιν.
422 1759 464 1770 -—
494 1719 596 1786 Ὅταν
627 1715 691 1786 οὖν
724 1721 796 1808 ίδχς
832 1723 907 1786 τινὰ
938 1722 1202 1791 ὑποπεπτωκότα
1295 1755 1296 1814 Q

184 1825 283 1916 ἑτέρῳ
307 1829 327 1911 ἢ
351 1828 575 1895 κολακεύοντα
597 1827 685 1912 παρά
708 1829 745 1893 τὸ
769 1830 974 1912 φαινόμενον
997 1828 1100 1915 αὐτῷ,
1122 1829 1201 1914 λέγε
1216 1854 1241 1894 ιι
1295 1823 1296 1848 ’

182 1931 238 1998 καί
256 1941 376 1998 τοῦτον
395 1939 535 2017 θαρρῶν
554 1933 598 2017 μὴ
618 1927 706 1999 εἶναι
725 1932 919 2017 ἐλεύθερον·
938 1930 994 1998 καὶ
1013 1934 1058 2018 μὴ
1077 1937 1199 2021 μόνον,
1294 1957 1296 2018 Q

183 2037 226 2102 ἀν
254 2038 449 2122 δειπναρίου
477 2035 573 2102 ἕνεκα
601 2037 681 2103 αὐτὸ
710 2046 805 2122 ποιῇ,
837 2037 921 2104 ἀλλά
947 2039 1011 2104 κάν
1040 2039 1201 2127 ἐπαρχίας

183 2141 279 2208 ἕνεκα
301 2141 366 2208 κάν
387 2143 551 2221 ὑπατείας.
598 2141 669 2210 ἀλλ’
698 2142 846 2220 ἐκείνους
868 2141 929 2229 μὲν
952 2149 1202 2230 μικροδούλους

184 2249 258 2332 λέγε
277 2251 355 2325 τοὺς
378 2261 505 2335 μικρῶν
528 2273 631 2315 τινων
654 2249 749 2315 ἕνεκα
774 2259 877 2315 ταῦτα
899 2260 1091 2336 ποιοῦντας,
1120 2256 1200 2320 τού-

181 2379 261 2432 τους
288 2352 317 2420 δ’
347 2355 390 2433 ὡς
418 2352 505 2421 είσὶν
532 2354 618 2433 ἀξιοι
645 2356 923 2439 μεγαλοδοόλους.
949 2395 987 2405 —-
1008 2357 1117 2424 Ἔστω
1140 2359 1198 2425 καί
1213 2385 1240 2424 εο

128 2477 163 2526 56
182 2472 293 2530 ταῦτα.
324 2499 362 2509 -
392 2466 499 2527 Δοκεῖ
524 2459 565 2526 δέ
589 2477 642 2527 σοι
669 2461 689 2544 ἡ
719 2460 894 2548 ἐλευθερία
921 2463 1136 2541 αὐτεξούσιόν
1166 2489 1199 2530 τι

181 2565 268 2634 εἶναι
291 2568 345 2633 καὶ
365 2568 568 2652 αὐτόνομους
591 2603 628 2614 -
649 2571 730 2644 Πῶς
751 2568 814 2653 γάρ
839 2567 895 2647 οὕς
914 2607 958 2615 -
972 2567 1110 2636 Ὅντινα
1131 2566 1198 2636 οὖν

182 2671 232 2738 ἐπ’
259 2675 348 2763 ἀλλῳ
376 2679 522 2740 κωλῦσαι
550 2675 619 2738 ἔστι
642 2671 697 2738 καί
725 2672 924 2758 ἀναγκάσαι,
951 2681 1090 2763 θαρρῶν
1119 2676 1196 2760 λέγε

128 2794 163 2845 57
183 2779 227 2863 μὴ
250 2774 337 2844 είναι
361 2779 549 2867 ἐλεύθερον.
594 2777 650 2844 καὶ
678 2781 722 2863 μή
751 2804 808 2865 μοι
835 2780 989 2859 πάππους
1011 2781 1116 2848 αὐτοῦ
1138 2783 1197 2848 καὶ

181 2885 400 2968 προπάππονς
426 2883 525 2970 βλέπε
553 2882 608 2950 καὶ
636 2885 726 2969 ὠνὴν
756 2886 840 2968 ζήτει
864 2884 920 2952 καὶ
946 2895 1086 2973 πρᾶσιν,
1117 2887 1193 2955 ἀλλ’
1210 2912 1235 2952 ει
1295 2921 1296 2924 “

182 2988 224 3054 ἀν
248 2988 393 3076 ἀκούσῃς
420 2990 575 3074 λέγοντος
602 2993 731 3057 ἔσωθεν
758 2990 814 3056 καὶ
842 2991 878 3057 έκ
905 2993 1037 3071 πάθους
1064 2994 1196 3080 “κύριε’,

181 3094 245 3161 κάν
265 3097 393 3162 δώδεκα
412 3097 532 3181 ῥάβδοι
551 3099 734 3184 προάγουσι,
758 3096 832 3181 λέγε
852 3099 989 3164 δοῦλον·
1012 3099 1076 3164 κάν
1093 3099 1197 3166 ἀκού-

183 3219 243 3287 σχς
269 3200 424 3285 λέγοντος
451 3203 561 3278 πάλας
589 3203 668 3286 έγῶ,
698 3194 752 3268 οἷα
779 3203 922 3290 πάσχετ’,
952 3202 1026 3288 λέγε
1054 3207 1196 3272 δοῦλον·

182 3306 225 3371 ἀν
239 3306 350 3381 ἁπλῶς
363 3307 625 3390 ἀποκλαιόμενου
636 3309 718 3394 ίδχς,
732 3312 956 3394 μεμφόμενον,
972 3312 1196 3398 δυσροοῦντα,

128 3424 164 3474 58
184 3408 257 3491 λέγε
295 3412 419 3475 δοῦλον
455 3415 707 3497 περιπόρφυρον
739 3417 864 3499 ἔχοντα.
920 3415 962 3481 ἀν
994 3411 1056 3481 οὖν
1088 3415 1235 3502 μηδὲνεο

134 3572 136 3576 .
255 3545 341 3599 8οόκ
360 3544 396 3600 ἀν
416 3546 502 3619 (εἴη)
522 3549 684 3606 Μιίόοκιίκε
715 3554 724 3621 ΙΙ
758 3558 790 3606 18
808 3553 929 3617 ὑπατίας
947 3555 980 3610 S:
999 3572 1067 3612 corr.
1087 3556 1118 3617 δι
