2650 3930
159 165 223 230 136
304 147 488 230 ιεετλαοε
506 167 581 220 νου
598 167 816 220 υιιυευεευου
832 166 1027 220 Διευευιαυ

157 326 267 406 δεῖξαί
280 351 312 393 τι
329 328 410 412 ἡμῖν
427 329 510 414 πρὸς
527 329 565 394 τὸ
584 327 685 406 αὕτάς
703 325 901 415 ἐφαρμόζειν
924 328 1062 413 ἀμεινον
1085 327 1179 394 ἀνω-

156 432 241 520 τέρω
273 443 334 500 τοῦ
366 435 478 500 δοκεῖν
509 451 577 513 σοις
616 434 635 501 ὁ
672 430 710 500 δὲ
746 437 944 519 μαινόμενος
980 435 1064 499 ἀλλα
1094 435 1177 500 τινὰ

157 551 246 607 ποιεί
263 538 284 624 ἢ
303 542 343 605 τὰ
362 541 526 607 δοκοῦντά
545 542 580 607 οί
595 541 692 620 καλός
717 540 859 630 κάκείνω
878 535 940 606 οὖν
960 540 1057 626 ἀρκεῖ
1071 551 1175 608 τοῦτο

157 649 196 712 τὸ
228 647 413 733 κριτήριονς
450 685 488 696 -
522 647 593 714 Οὐκ
625 647 726 734 ἀρκεῖ.
759 685 801 696 -
831 643 929 714 Ἐλθδ
961 642 1023 714 οὖν
1055 646 1111 714 ἀτί
1137 669 1175 712 τι

159 751 313 839 ἀνωτέρω
336 763 397 820 τοῦ
420 754 541 820 δοκεῖν.
585 757 621 820 τί
640 757 739 820 τοῦτό
763 753 868 833 ἑστινς
1207 771 1228 812 ⁵

103 876 139 924 13
216 856 279 924 Ἴδ’
314 860 398 948 ἀρχὴ
435 865 636 947 φιλοσοφίας
671 867 829 945 αἴσθησις
864 861 970 946 μάχης
1000 870 1059 944 τῆς
1087 862 1176 946 πρὸς
1318 864 1319 918 λ

159 964 322 1049 ἀλλήλους
348 977 416 1033 τῶν
444 965 635 1054 ἀνθρώπων
662 965 719 1034 καί
742 970 872 1052 ζήτησις
893 976 954 1033 τοῦ
976 960 1054 1051 παρ’
1080 965 1098 1031 δ
1121 967 1176 1048 γί-
1317 937 1319 986 ¹

157 1096 249 1138 νεται
281 1072 302 1156 ἡ
335 1073 421 1159 μάχη
453 1071 509 1138 καὶ
538 1074 744 1157 κατάγνωσις
774 1072 830 1140 καὶ
862 1072 995 1139 ἀπιστία
1023 1074 1108 1157 πρὸς
1132 1074 1175 1138 τὸ

157 1183 264 1256 ψιλῶς
287 1179 423 1262 δοκοῦν,
446 1181 564 1265 ἔρευνα
588 1179 628 1246 δέ
648 1203 697 1258 τις
718 1179 794 1268 περὶ
812 1182 849 1247 τὸ
868 1181 994 1246 δοκοῦν
1012 1180 1044 1244 εί
1061 1178 1176 1265 ὀρθῶς

159 1281 329 1349 δοκεῖκαὶ
351 1283 479 1370 εὕρεσις
500 1288 643 1364 κανόνος
663 1289 770 1370 τινός,
797 1278 871 1353 οἷον
895 1284 949 1352 ἐπὶ
974 1289 1089 1371 βαρῶν
1110 1287 1173 1351 τὸν
1189 1305 1224 1344 10

161 1389 260 1471 ζυγὸν
292 1388 449 1482 εὕρομεν,
481 1382 555 1457 οἷον
584 1390 638 1458 ἐπὶ
667 1390 798 1458 εὐθέων
829 1390 884 1458 καὶ
916 1396 1084 1478 στρεβλῶν
1111 1392 1175 1475 τὴν

106 1514 141 1562 14
161 1495 322 1579 στάθμην.
368 1493 456 1562 τοῦτ’
484 1499 574 1563 ἔστιν
593 1497 677 1584 ἀρχὴ
696 1502 905 1584 φιλοσοφίας.
941 1499 1049 1564 πάντα
1066 1502 1177 1574 καλῶς

160 1603 227 1687 ἔχει
253 1601 293 1666 τδ
321 1603 486 1668 δοκοῦντα
513 1605 629 1684 ὕκασις
659 1603 714 1670 καὶ
741 1615 811 1681 πῶς
837 1605 984 1671 δυνατὸν
1010 1605 1051 1670 τά
1073 1605 1176 1689 μαχό-

160 1731 244 1792 μενα
271 1713 379 1787 καλῶς
405 1711 508 1795 ἔχεινς
542 1710 667 1776 οὐκοῦν
694 1709 736 1776 οὐ
763 1709 886 1794 ττάντα,
915 1710 1000 1776 ἀλλά
1025 1710 1066 1775 τὰ
1092 1709 1176 1793 ἡμῖν

105 1833 141 1882 15
161 1815 335 1882 δοκοῦντα.
379 1820 415 1881 τί
439 1821 566 1901 μᾶλλον
592 1816 614 1900 ἣ
640 1816 680 1882 τὰ
708 1816 850 1902 Σύροις,
876 1819 912 1882 τί
934 1821 1062 1901 μᾶλλον
1089 1815 1175 1899 ἣτδι
1192 1833 1222 1875 1⁵

160 1925 370 2004 Αἰγυπτίοις,
397 1926 432 1988 τί
451 1927 579 2007 μᾶλλον
605 1920 626 2006 ἢ
656 1923 696 1987 τὰ
718 1919 791 2005 ἐμοὶ
813 1925 1000 2007 φαινόμενα
1022 1921 1043 2006 ἣ
1066 1922 1106 1987 τὰ
1127 1929 1176 2008 τῷ

162 2027 262 2104 δεῑνις
285 2063 321 2072 -
346 2022 457 2093 Οὐδὲν
479 2032 615 2111 μᾶλλον.
639 2064 683 2075 -
707 2027 779 2094 Οὐκ
801 2028 866 2113 ἀρα
888 2026 985 2113 ἀρκεῖ
1004 2031 1042 2095 τὸ
1062 2029 1177 2094 δοκεῖν

162 2129 287 2221 ἑκάστῳ
310 2135 393 2218 πρὸς
415 2134 453 2199 τὸ
477 2127 575 2198 εἶναι·
605 2130 770 2221 οὐδὲγὰρ
794 2132 847 2201 ἐστὶ
869 2138 984 2220 βαρῶν
1002 2134 1024 2218 ἢ
1046 2132 1176 2219 μέτρων

160 2243 242 2324 ψιλῇ
272 2247 311 2324 τῇ
340 2238 479 2324 ἐμφόσει
509 2240 719 2327 ἀρκούμεθα,
750 2241 836 2309 ἀλλὰ
862 2244 989 2309 κανόνα
1015 2241 1091 2307 τινά
1119 2237 1172 2327 ἐφ’

109 2364 142 2414 ιε
163 2342 302 2411 ἑκάστου
321 2345 472 2432 εὕρομεν.
517 2345 653 2414 ἐνταῦθ’
678 2343 740 2414 οὕν
759 2345 871 2426 οὐδεὶς
889 2349 1002 2414 κανὼν
1019 2345 1175 2434 ἀνωτέρω
1191 2365 1222 2406 εν

163 2462 225 2520 τοῦ
248 2453 373 2532 δοκεῑνς
400 2451 547 2532 καὶπῶς
570 2446 701 2520 οἷόντε
724 2452 909 2542 ἀτέκμαρτα
931 2449 1095 2520 εἶναικαὶ
1117 2452 1177 2518 ἀν-

162 2561 281 2646 εύρετα
303 2561 343 2626 τὰ
366 2560 608 2645 ἀναγκαιότατα
631 2559 668 2626 ἐν
687 2560 893 2647 ἀνθρώποιςς
916 2597 954 2608 -
968 2558 1082 2627 Ἔστιν
1104 2554 1177 2626 οὖν.

109 2686 143 2738 17
161 2704 206 2714 --
230 2663 297 2731 Καὶ
324 2668 381 2732 διδ
408 2669 443 2733 τί
467 2668 508 2734 οὕ
530 2670 695 2752 ,ζητοῦμεν
723 2667 826 2734 αὐτὸν
853 2665 909 2733 καί
935 2666 1177 2753 ἀνευρίσκομεν

163 2771 218 2838 καὶ
241 2771 437 2858 ἀνευρόντες
460 2775 579 2840 λοιπὸν
601 2772 818 2861 ἀταραβάτως
839 2773 998 2860 χρώμεθα
1021 2773 1098 2859 δίχα
1118 2772 1177 2838 αὐ-

108 2899 144 2947 18
163 2887 223 2946 τοῦ
246 2874 330 2963 μηδὲ
352 2881 411 2945 τὸν
429 2879 593 2947 δάκτυλον
616 2879 829 2960 ἐκτείνοντες;
852 2889 950 2946 τοῦτο
970 2879 1050 2965 γάρ,
1074 2874 1177 2962 οἶμαι,
1192 2895 1221 2938 ²⁵

164 2983 254 3052 ἐστὶν
277 2985 296 3050 δ
319 2981 460 3069 εὑρεθὲν
483 2985 686 3052 ἀπαλλάσσει
709 2988 828 3071 μανίας
844 2988 923 3063 τοὺς
941 2988 1034 3074 μόνφ
1051 2993 1097 3072 τῷ
1120 2984 1178 3050 δο

235 3166 321 3228 288q
324 3161 442 3287 ἔθειραι.
461 3160 526 3216 XV.
546 3155 611 3216 ἒτιεί
625 3180 670 3216 τοι
688 3162 844 3232 φιλοσοφία
862 3162 1025 3230 φησίν,ι
982 3155 1025 3213 δτι
1044 3156 1110 3213 οὐδὲ
1127 3157 1177 3212 τόν

165 3234 203 3288 δα
195 3227 337 3287 ’ἕκτολυν
356 3251 457 3287 τενειν
476 3229 538 3302 είκῇ
556 3231 700 3305 προσήκει.

239 3398 251 3444 1
273 3389 421 3452 αάτάςδε
439 3391 579 3453 amca&
604 3393 614 3459 ΙΙ
640 3385 739 3445 ἀλλθδ
726 3389 779 3445 bes
796 3384 925 3444 ἐλθὼνδ
948 3390 958 3457 Β
985 3384 1062 3442 6Ἴδ’
1079 3387 1179 3444 80th

166 3459 220 3518 είδ’
237 3460 259 3516 S
287 3463 297 3528 Ι
331 3459 549 3530 11ευροκμενδ
564 3463 632 3528 ([κιλ
650 3459 785 3530 εὕρωμεν)
811 3462 821 3529 ΙΙ
849 3466 883 3513 13
902 3457 1004 3529 ἔμεινε
1030 3459 1040 3526 λ
1069 3463 1101 3513 17
1121 3457 1178 3528 ἀρα

167 3533 287 3602 Smper
305 3532 406 3586 limam
423 3547 458 3587 m.
472 3549 518 3602 pr.
545 3533 555 3601 ΙΙ
583 3533 723 3586 δοκεινε.·
742 3529 888 3586 δοκοῦνδ
