2626 3924
121 205 313 262 (1v,10‚19-32)
431 197 584 250 BIBAION
602 198 798 251 TETAPTON.
819 197 850 250 ι’.
1068 198 1132 262 387

119 355 230 423 ἐκεῖνά
258 372 295 422 σε
322 356 457 440 ἀφεῖναι
485 360 545 423 δεῖ.
592 356 804 443 ένχεθήσεται
830 359 868 425 τὸ
897 361 1027 443 ἔλαιον,
1054 359 1135 426 άπο-
1154 378 1187 428 26

118 467 222 528 λεῖται
244 464 285 527 τὰ
307 463 477 550 σκευάρια,
500 461 572 529 ἀλλ’
595 463 660 547 ἐγὼ
684 464 817 550 ἀπαθὴς
840 467 964 550 ἔσομαι.
1011 466 1134 552 έμπρῃ-

118 571 200 654 σμὸς
223 571 314 634 ἔσται
337 569 419 654 ἐμοῦ
440 571 484 655 μὴ
506 573 670 656 παρόντος
687 569 743 636 καί
762 571 931 637 ἀπολεῖται
950 574 989 638 τά
1007 575 1134 658 βιβλία,

117 671 189 740 ἀλλ’
218 673 281 758 ἐγὼ
304 678 469 762 χρήσομαι
491 687 563 753 ταῖς
585 680 782 760 φαντασίαις
803 678 885 743 κατά
908 679 1020 762 φύσιν.
1056 675 1128 744 ἀλλ’

88 781 178 866 τούῃ
202 779 263 860 ἔξω
283 792 412 865 φαγεῖν.
450 784 481 848 εί
503 783 590 848 οὕτω
609 782 708 860 τάλας
728 784 806 868 είμί,
830 784 930 869 λιμὴν
948 787 986 849 τὸ
1005 783 1134 850 άποθα-
1154 801 1187 851 27

116 899 198 953 νεῖν.
250 883 347 964 οὗτος
379 885 409 952 δ’
443 885 533 953 ἐστὶν
566 889 584 955 ὁ
614 890 714 974 λιμὴν
744 889 894 973 πάντων,
929 889 946 954 ὁ
977 890 1135 973 θάνατος,

117 993 199 1078 αὕτη
226 993 247 1077 ἡ
275 997 460 1078 καταφυγή.
506 996 562 1059 διά
588 1004 687 1061 τοῦτο
716 991 816 1060 οὐδὲν
846 1005 913 1060 τῶν
937 995 974 1062 έν
996 1004 1042 1082 τῷ
1071 999 1133 1084 βίφ

115 1101 261 1185 χαλεπόν
289 1099 388 1166 ἐστιν.
434 1100 514 1166 ὅταν
536 1099 655 1186 θέλῃς,
683 1099 820 1186 ἐξῆλθες
841 1103 897 1166 καὶ
920 1101 961 1167 οὐ
984 1105 1133 1187 καπνίζῃ.

115 1209 151 1271 τί
171 1201 233 1272 οὖν
257 1204 415 1294 ἀγωνιᾷς,
444 1209 479 1272 τί
499 1205 692 1294 άμρυπνεῖς;
721 1205 795 1294 οὐχὶ
823 1204 860 1272 δὲ
883 1207 987 1286 εὐθὺς
1010 1207 1131 1277 άναλο-
1152 1224 1185 1273 28

72 1335 101 1374 ιο
115 1313 302 1397 ῃισάμενος,
326 1322 393 1378 ποῦ
416 1328 477 1378 σου
501 1315 538 1379 τὸ
562 1313 692 1397 ἀγαθόν
712 1313 781 1379 ἐστι
804 1312 859 1379 καὶ
881 1317 918 1380 τὸ
941 1317 1056 1396 κακόν,
1081 1313 1133 1379 λέ-

114 1442 184 1502 γεις
203 1419 253 1484 ὅτι
273 1416 333 1484 ‘gu’
357 1416 429 1504 ἐμοὶ
448 1417 631 1505 ἀμφότερα·
652 1421 729 1486 οὔτε
746 1421 867 1485 τούτου
885 1443 934 1497 τις
947 1417 1133 1503 ἀφελέσθαι

115 1548 155 1610 με
178 1526 317 1591 δύναται
340 1523 408 1591 οὔτ’
432 1523 547 1614 έιιείνφ
567 1526 690 1592 άκοντα
707 1528 908 1612 περιβαλεῖν.
953 1530 988 1591 τί
1008 1521 1070 1592 οὖν
1091 1526 1132 1592 οὐ
1151 1544 1184 1592 ιο

115 1628 222 1714 ῥέγκω
253 1633 381 1715 βαλῶν;
420 1634 460 1698 τά
497 1630 558 1717 ἐμὰ
593 1631 750 1716 ἀσφαλῶς
782 1634 861 1717 ἔχει·
898 1633 938 1696 τά
976 1632 1133 1716 ἀλλότρια

115 1738 231 1816 ὄψεται
259 1737 342 1803 αὐτὰ
372 1738 409 1815 ὃς
437 1737 480 1804 άν
509 1736 612 1824 φέρῃ,
642 1738 688 1815 ὡς
715 1736 758 1803 ἂν
787 1738 925 1802 δίδονται
955 1737 1044 1821 παρά
1072 1746 1132 1802 τοῦ

72 1863 100 1904 15
115 1845 249 1928 ἔχοντος
271 1842 435 1923 ἐξουσίαν.
480 1847 529 1922 τίς
552 1846 619 1928 εἰμι
643 1844 665 1932 ὁ1
683 1842 797 1910 θέλων
816 1843 899 1908 αὐτὰ
920 1843 1025 1920 οὕτως
1044 1845 1132 1929 ἔχειν
1150 1861 1185 1910 30

115 1948 136 2032 ἢ
160 1949 277 2029 οὕτφς;
305 1953 349 2035 μὴ
373 1951 437 2039 γάρ
460 1975 516 2035 μοι
540 1949 673 2016 δέδοται
697 1949 816 2034 ἐκλογὴ
840 1949 963 2028 αὐτῶν;
997 1952 1042 2035 μὴ
1067 1950 1131 2036 γὰρ

115 2053 175 2139 ἐμέ
194 2079 243 2133 τις
266 2055 375 2122 αὐτῶν
395 2057 566 2141 διοικητὴν
583 2060 775 2140 πεποίηκεν;
800 2055 897 2141 ἀρκεῖ
917 2079 973 2139 μοι
997 2050 1045 2120 ὧν
1068 2057 1132 2140 ἔχω

115 2160 279 2240 ἐξουσίαν.
328 2161 431 2227 ταῦτά
463 2186 502 2247 με
531 2164 585 2228 δεῖ
609 2163 767 2228 κάλλιστα
795 2161 1059 2248 παρασκευάσαι,
1091 2162 1132 2226 τὰ

115 2264 148 2332 δ’
174 2269 258 2334 ἄλλα
281 2268 326 2345 ῶς
348 2267 391 2333 άν
412 2267 497 2354 θέλῃ
522 2268 540 2334 ὁ
564 2266 701 2333 ἐκείνων
724 2267 860 2352 κύριος’.

73 2396 100 2434 20
187 2373 297 2438 Ταῦτά
332 2397 382 2451 τις
419 2375 504 2459 ἔχων
540 2374 604 2459 πρὸ
638 2372 826 2456 ὀφθαλμῶν
862 2371 1039 2455 ἀγρυπνεῖ,
1076 2370 1130 2437 καὶ
1150 2389 1183 2438 31

116 2477 326 2566 στρέφεται
353 2480 452 2545 ἔνθα
481 2476 545 2544 καὶ
568 2480 679 2555 ἔνθα
709 2481 744 2542 τί
762 2475 876 2542 θέλων
899 2477 920 2560 ἢ
942 2479 978 2541 τί
997 2483 1131 2557 ποθῶν;

115 2586 312 2672 Πάτροκλον
335 2584 356 2668 ἣ
376 2582 566 2670 Ἀντίλοχον
594 2584 615 2668 ἣ
638 2582 829 2662 Μενελάους
858 2586 936 2648 πότε
964 2584 1028 2670 γάρ
1051 2582 1131 2667 ἡμή-

115 2708 195 2758 σατο
218 2691 390 2757 ἀθάνατόν
412 2714 486 2756 τινα
513 2701 581 2756 τῶν
603 2694 727 2774 φίλους
754 2692 834 2755 πότε
862 2689 925 2775 γὰρ
954 2689 1015 2754 οὐκ
1043 2684 1132 2774 εἶχεν

114 2798 178 2882 πρὸ
209 2797 411 2881 ὀφθαλμῶν,
442 2796 492 2862 ὅτι
525 2797 645 2883 αὔριον
673 2796 694 2880 ἣ
724 2797 773 2872 είς
802 2796 863 2878 τὴν
885 2797 1001 2881 τρίτῃν
1029 2796 1084 2860 δεῖ
1110 2795 1130 2879 ἢ

73 2922 101 2964 ιτ
115 2901 217 2968 αὐτὸν
241 2901 464 2986 άποθανεῖνῆ
489 2901 632 2983 ἐκείνους
656 2901 749 2985 ’ναί’,
772 2903 886 2986 φῃσίν,
910 2898 994 2971 εαλλ’
1022 2898 1127 2988 ᾤμην,
1147 2917 1181 2966 32

115 3007 166 3073 ὅτι
189 3005 313 3085 ἐκεῖνος
335 3008 548 3093 ἐπιβιώσεταί
563 3032 620 3095 μοι
641 3006 696 3090 καὶ
715 3006 849 3090 αὐξήσει
868 3031 933 3093 μου
951 3009 1010 3074 τὸν
1028 3006 1127 3073 υίόν.’

114 3113 224 3200 μωρὸς
247 3113 309 3200 γὰρ
335 3109 375 3196 ἦς
402 3112 458 3179 καὶ
484 3115 524 3179 τά
554 3115 661 3198 άδῃλα
684 3112 762 3203 ᾤου.
807 3116 843 3178 τί
864 3107 926 3179 οὖν
950 3113 1011 3179 οὐκ
1035 3111 1130 3196 ἐγκα-

205 3277 271 3340 1εο.
292 3270 327 3326 cf.
346 3271 434 3326 Ench.
454 3276 497 3334 12,
511 3277 536 3326 λ.
557 3302 589 3311 -
609 3275 677 3338 4sq.
697 3270 732 3327 cf.
751 3270 939 3339 Ench.12,1.

186 3347 218 3397 21
238 3341 320 3398 Hom.
340 3342 372 3396 11.
387 3344 414 3395 a
433 3349 462 3397 σε
483 3338 626 3413 ἐστρέφετ’
648 3341 722 3397 ἔνθα
741 3341 790 3395 ιιαλ
809 3338 890 3396 ἔνθα.

185 3419 219 3468 23
230 3430 291 3481 sqq.
309 3412 345 3468 cf.
364 3413 451 3469 Ench.
467 3419 514 3468 21:
535 3412 664 3477 Θάνατος
682 3445 696 3454 -
708 3445 724 3454 -
736 3444 749 3454 -
768 3412 822 3483 πρὸ
842 3412 999 3481 ὀφθαλμῶν
1019 3408 1096 3468 έστω.

187 3560 219 3610 12
240 3549 359 3617 ἐκείνοις
376 3554 424 3623 ἃς
443 3549 538 3610 ἐκεῖνα
556 3571 569 3610 s

913 3642 968 3698 25*
