<?xml version="1.0" encoding="UTF-8"?>
<!DOCTYPE html PUBLIC "-//W3C//DTD XHTML 1.0 Transitional//EN"
    "http://www.w3.org/TR/xhtml1/DTD/xhtml1-transitional.dtd">
<html xmlns="http://www.w3.org/1999/xhtml" xml:lang="en" lang="en">
 <head>
  <title>
</title>
<meta http-equiv="Content-Type" content="text/html;charset=utf-8" />
  <meta name='ocr-system' content='tesseract 3.04.00' />
  <meta name='ocr-capabilities' content='ocr_page ocr_carea ocr_par ocr_line ocrx_word'/>
</head>
<body>
  <div class='ocr_page' id='page_1' title='image "./dissertationesa00epicgoog/dissertationesa00epicgoog_0371.png"; bbox 0 0 2636 3930; ppageno 0'>
   <div class='ocr_carea' id='block_1_1' title="bbox 166 182 1037 251">
    <p class='ocr_par' dir='ltr' id='par_1_1' title="bbox 166 182 1037 251">
     <span class='ocr_line' id='line_1_1' title="bbox 166 182 1037 251; baseline -0.007 -8"><span class='ocrx_word' id='word_1_1' title='bbox 166 187 231 251; x_wconf 83' lang='grc'><strong><em>276</em></strong></span> <span class='ocrx_word' id='word_1_2' title='bbox 313 185 497 240; x_wconf 78' lang='grc' dir='ltr'><strong>ΑΡΡΙΑΝΟΤ</strong></span> <span class='ocrx_word' id='word_1_3' title='bbox 514 184 588 238; x_wconf 82' lang='grc' dir='ltr'><strong><em>ΤΩΝ</em></strong></span> <span class='ocrx_word' id='word_1_4' title='bbox 607 185 823 237; x_wconf 80' lang='grc' dir='ltr'>ΕΠῙΚΤΗΤΟΤ</span> <span class='ocrx_word' id='word_1_5' title='bbox 841 182 1037 237; x_wconf 78' lang='grc' dir='ltr'>ΔΙΑΤΡΙΒΩΝ</span> 
     </span>
    </p>
   </div>
   <div class='ocr_carea' id='block_1_2' title="bbox 112 343 1310 3089">
    <p class='ocr_par' dir='ltr' id='par_1_2' title="bbox 167 343 1187 435">
     <span class='ocr_line' id='line_1_2' title="bbox 167 343 1187 435; baseline -0.008 -20"><span class='ocrx_word' id='word_1_6' title='bbox 167 349 306 435; x_wconf 82' lang='grc' dir='ltr'><strong><em>ωρούς,</em></strong></span> <span class='ocrx_word' id='word_1_7' title='bbox 330 350 366 412; x_wconf 80' lang='grc' dir='ltr'><strong><em>οἳ</em></strong></span> <span class='ocrx_word' id='word_1_8' title='bbox 386 343 487 412; x_wconf 75' lang='grc' dir='ltr'><strong><em>οὐδὲν</em></strong></span> <span class='ocrx_word' id='word_1_9' title='bbox 509 355 688 431; x_wconf 79' lang='grc' dir='ltr'><strong><em>μιμοῦνται</em></strong></span> <span class='ocrx_word' id='word_1_10' title='bbox 711 344 859 422; x_wconf 78' lang='grc' dir='ltr'><strong><em>ἐκείνους</em></strong></span> <span class='ocrx_word' id='word_1_11' title='bbox 877 345 898 430; x_wconf 85' lang='grc' dir='ltr'><strong><em>ή</em></strong></span> <span class='ocrx_word' id='word_1_12' title='bbox 916 351 951 410; x_wconf 87' lang='grc' dir='ltr'><strong><em>εί</em></strong></span> <span class='ocrx_word' id='word_1_13' title='bbox 965 368 997 410; x_wconf 91' lang='grc' dir='ltr'><strong><em>τι</em></strong></span> <span class='ocrx_word' id='word_1_14' title='bbox 1016 343 1080 429; x_wconf 71' lang='grc' dir='ltr'><strong><em>ἄρα</em></strong></span> <span class='ocrx_word' id='word_1_15' title='bbox 1100 346 1187 426; x_wconf 88' lang='grc' dir='ltr'><strong><em>πόρ-</em></strong></span> 
     </span>
    </p>

    <p class='ocr_par' dir='ltr' id='par_1_3' title="bbox 112 448 1188 644">
     <span class='ocr_line' id='line_1_3' title="bbox 112 448 1188 537; baseline -0.007 -15"><span class='ocrx_word' id='word_1_16' title='bbox 112 473 144 522; x_wconf 85' lang='lat'><strong><em>81</em></strong></span> <span class='ocrx_word' id='word_1_17' title='bbox 166 457 272 532; x_wconf 82' lang='grc' dir='ltr'><strong><em>δοινες</em></strong></span> <span class='ocrx_word' id='word_1_18' title='bbox 303 457 470 537; x_wconf 76' lang='grc' dir='ltr'><strong><em>γίνονται,</em></strong></span> <span class='ocrx_word' id='word_1_19' title='bbox 501 453 583 518; x_wconf 73' lang='grc' dir='ltr'><strong><em>ἄλλο</em></strong></span> <span class='ocrx_word' id='word_1_20' title='bbox 611 449 642 517; x_wconf 91' lang='grc' dir='ltr'><strong><em>δ’</em></strong></span> <span class='ocrx_word' id='word_1_21' title='bbox 675 450 784 520; x_wconf 80' lang='grc' dir='ltr'><strong><em>οὐδέν,</em></strong></span> <span class='ocrx_word' id='word_1_22' title='bbox 835 450 905 518; x_wconf 83' lang='grc' dir='ltr'><strong><em>ἐπεὶ</em></strong></span> <span class='ocrx_word' id='word_1_23' title='bbox 932 451 995 518; x_wconf 88' lang='grc' dir='ltr'><strong><em>οὐκ</em></strong></span> <span class='ocrx_word' id='word_1_24' title='bbox 1026 448 1069 516; x_wconf 77' lang='grc' dir='ltr'><strong><em>δν</em></strong></span> <span class='ocrx_word' id='word_1_25' title='bbox 1096 448 1188 534; x_wconf 78' lang='grc' dir='ltr'><strong><em>ἡμᾶς</em></strong></span> 
     </span>
     <span class='ocr_line' id='line_1_4' title="bbox 167 555 1186 644; baseline -0.006 -18"><span class='ocrx_word' id='word_1_26' title='bbox 167 560 269 627; x_wconf 79' lang='grc' dir='ltr'><strong><em>ἐκίνει</em></strong></span> <span class='ocrx_word' id='word_1_27' title='bbox 291 567 394 625; x_wconf 87' lang='grc' dir='ltr'><strong><em>ταῦτα</em></strong></span> <span class='ocrx_word' id='word_1_28' title='bbox 416 557 490 625; x_wconf 87' lang='grc' dir='ltr'><strong><em>οὐδ’</em></strong></span> <span class='ocrx_word' id='word_1_29' title='bbox 512 558 554 624; x_wconf 82' lang='grc' dir='ltr'><strong><em>διν</em></strong></span> <span class='ocrx_word' id='word_1_30' title='bbox 577 557 860 644; x_wconf 82' lang='grc' dir='ltr'><strong><em>ἐπεθαυμοίζομεν,</em></strong></span> <span class='ocrx_word' id='word_1_31' title='bbox 882 560 915 623; x_wconf 87' lang='grc' dir='ltr'><strong><em>εί</em></strong></span> <span class='ocrx_word' id='word_1_32' title='bbox 931 559 976 642; x_wconf 87' lang='grc' dir='ltr'><strong><em>μή</em></strong></span> <span class='ocrx_word' id='word_1_33' title='bbox 999 557 1141 642; x_wconf 80' lang='grc' dir='ltr'><strong><em>γαμήσει</em></strong></span> <span class='ocrx_word' id='word_1_34' title='bbox 1164 555 1186 638; x_wconf 81' lang='grc' dir='ltr'><em>ἢ</em></span> 
     </span>
    </p>

    <p class='ocr_par' dir='ltr' id='par_1_4' title="bbox 116 665 1232 964">
     <span class='ocr_line' id='line_1_5' title="bbox 116 665 1187 753; baseline -0.006 -21"><span class='ocrx_word' id='word_1_35' title='bbox 116 683 118 688; x_wconf 58' lang='lat'><strong><em>⁴</em></strong></span> <span class='ocrx_word' id='word_1_36' title='bbox 166 668 444 749; x_wconf 87' lang='grc' dir='ltr'><strong><em>παιδοποιήσεται.</em></strong></span> <span class='ocrx_word' id='word_1_37' title='bbox 492 667 668 753; x_wconf 83' lang='grc' dir='ltr'><strong><em>ίίνθρωπε,</em></strong></span> <span class='ocrx_word' id='word_1_38' title='bbox 695 665 820 743; x_wconf 76' lang='grc' dir='ltr'><strong><em>πάντας</em></strong></span> <span class='ocrx_word' id='word_1_39' title='bbox 842 665 1044 752; x_wconf 77' lang='grc' dir='ltr'><strong><em>ἀνθρώπους</em></strong></span> <span class='ocrx_word' id='word_1_40' title='bbox 1065 682 1187 728; x_wconf 86' lang='grc' dir='ltr'><strong><em>πεπαι-</em></strong></span> 
     </span>
     <span class='ocr_line' id='line_1_6' title="bbox 168 772 1232 859; baseline -0.006 -21"><span class='ocrx_word' id='word_1_41' title='bbox 168 775 352 857; x_wconf 88' lang='grc' dir='ltr'><strong><em>δοποίηται,</em></strong></span> <span class='ocrx_word' id='word_1_42' title='bbox 369 776 448 850; x_wconf 86' lang='grc' dir='ltr'><strong><em>τοὺς</em></strong></span> <span class='ocrx_word' id='word_1_43' title='bbox 465 773 591 859; x_wconf 78' lang='grc' dir='ltr'><strong><em>ἄνδρας</em></strong></span> <span class='ocrx_word' id='word_1_44' title='bbox 609 773 707 850; x_wconf 82' lang='grc' dir='ltr'><strong><em>νίοῦς</em></strong></span> <span class='ocrx_word' id='word_1_45' title='bbox 724 774 803 858; x_wconf 81' lang='grc' dir='ltr'><strong><em>ἔχει,</em></strong></span> <span class='ocrx_word' id='word_1_46' title='bbox 822 772 880 849; x_wconf 80' lang='grc' dir='ltr'><strong><em>τὰς</em></strong></span> <span class='ocrx_word' id='word_1_47' title='bbox 898 781 1057 855; x_wconf 81' lang='grc' dir='ltr'><strong><em>γυναῖκας</em></strong></span> <span class='ocrx_word' id='word_1_48' title='bbox 1074 776 1187 852; x_wconf 85' lang='grc' dir='ltr'><strong><em>θυγα-</em></strong></span> <span class='ocrx_word' id='word_1_49' title='bbox 1217 793 1232 832; x_wconf 82' lang='grc' dir='ltr'><strong><em>ε</em></strong></span> 
     </span>
     <span class='ocr_line' id='line_1_7' title="bbox 167 875 1186 964; baseline -0.003 -21"><span class='ocrx_word' id='word_1_50' title='bbox 167 876 274 964; x_wconf 83' lang='grc' dir='ltr'><strong><em>τέρας·</em></strong></span> <span class='ocrx_word' id='word_1_51' title='bbox 297 886 399 943; x_wconf 88' lang='grc' dir='ltr'><strong><em>πᾶσιν</em></strong></span> <span class='ocrx_word' id='word_1_52' title='bbox 422 877 509 943; x_wconf 81' lang='grc' dir='ltr'><strong><em>οὕτω</em></strong></span> <span class='ocrx_word' id='word_1_53' title='bbox 527 875 756 963; x_wconf 82' lang='grc' dir='ltr'><strong><em>προσέρχεται,</em></strong></span> <span class='ocrx_word' id='word_1_54' title='bbox 779 876 866 942; x_wconf 78' lang='grc' dir='ltr'><strong><em>οὕτω</em></strong></span> <span class='ocrx_word' id='word_1_55' title='bbox 884 877 1019 943; x_wconf 82' lang='grc' dir='ltr'><strong><em>πάντων</em></strong></span> <span class='ocrx_word' id='word_1_56' title='bbox 1036 877 1186 961; x_wconf 76' lang='grc' dir='ltr'><strong><em>κήδεται.</em></strong></span> 
     </span>
    </p>

    <p class='ocr_par' dir='ltr' id='par_1_5' title="bbox 114 980 1306 1282">
     <span class='ocr_line' id='line_1_8' title="bbox 114 980 1187 1069; baseline -0.005 -18"><span class='ocrx_word' id='word_1_57' title='bbox 114 1003 148 1052; x_wconf 81' lang='lat'><strong><em>82</em></strong></span> <span class='ocrx_word' id='word_1_58' title='bbox 168 985 189 1069; x_wconf 85' lang='grc' dir='ltr'><strong><em>ή</em></strong></span> <span class='ocrx_word' id='word_1_59' title='bbox 213 987 254 1050; x_wconf 89' lang='grc' dir='ltr'><strong><em>σὺ</em></strong></span> <span class='ocrx_word' id='word_1_60' title='bbox 282 985 392 1062; x_wconf 87' lang='grc' dir='ltr'><strong><em>δοκεῖς</em></strong></span> <span class='ocrx_word' id='word_1_61' title='bbox 418 983 484 1050; x_wconf 87' lang='grc' dir='ltr'><strong><em>ὑπὸ</em></strong></span> <span class='ocrx_word' id='word_1_62' title='bbox 511 987 701 1068; x_wconf 80' lang='grc' dir='ltr'><strong><em>περιεργίας</em></strong></span> <span class='ocrx_word' id='word_1_63' title='bbox 727 983 957 1069; x_wconf 84' lang='grc' dir='ltr'><strong><em>λοιδορεῖσθαι</em></strong></span> <span class='ocrx_word' id='word_1_64' title='bbox 983 992 1051 1059; x_wconf 91' lang='grc' dir='ltr'><strong><em>τοῖς</em></strong></span> <span class='ocrx_word' id='word_1_65' title='bbox 1078 980 1187 1046; x_wconf 85' lang='grc' dir='ltr'><strong><em>ἀπαν-</em></strong></span> 
     </span>
     <span class='ocr_line' id='line_1_9' title="bbox 167 1085 1187 1175; baseline -0.004 -19"><span class='ocrx_word' id='word_1_66' title='bbox 167 1103 284 1169; x_wconf 77' lang='grc' dir='ltr'><strong><em>τῶσινς</em></strong></span> <span class='ocrx_word' id='word_1_67' title='bbox 304 1090 348 1166; x_wconf 82' lang='grc' dir='ltr'><strong><em>ὡς</em></strong></span> <span class='ocrx_word' id='word_1_68' title='bbox 366 1091 473 1175; x_wconf 81' lang='grc' dir='ltr'><strong><em>πατὴρ</em></strong></span> <span class='ocrx_word' id='word_1_69' title='bbox 492 1089 573 1155; x_wconf 82' lang='grc' dir='ltr'><strong><em>αὐτὸ</em></strong></span> <span class='ocrx_word' id='word_1_70' title='bbox 587 1100 687 1174; x_wconf 85' lang='grc' dir='ltr'><strong><em>ποιεῖ,</em></strong></span> <span class='ocrx_word' id='word_1_71' title='bbox 704 1089 750 1167; x_wconf 82' lang='grc' dir='ltr'><strong><em>ὡς</em></strong></span> <span class='ocrx_word' id='word_1_72' title='bbox 763 1088 908 1174; x_wconf 81' lang='grc' dir='ltr'><strong><em>ἀδελφὸς</em></strong></span> <span class='ocrx_word' id='word_1_73' title='bbox 920 1085 976 1155; x_wconf 84' lang='grc' dir='ltr'><strong><em>καὶ</em></strong></span> <span class='ocrx_word' id='word_1_74' title='bbox 989 1096 1050 1154; x_wconf 88' lang='grc' dir='ltr'><strong><em>τοῦ</em></strong></span> <span class='ocrx_word' id='word_1_75' title='bbox 1063 1096 1187 1154; x_wconf 89' lang='grc' dir='ltr'><strong><em>κοινοῦ</em></strong></span> 
     </span>
     <span class='ocr_line' id='line_1_10' title="bbox 167 1193 1306 1282; baseline 0.001 -21"><span class='ocrx_word' id='word_1_76' title='bbox 167 1198 290 1282; x_wconf 89' lang='grc' dir='ltr'><strong><em>πατρὸς</em></strong></span> <span class='ocrx_word' id='word_1_77' title='bbox 312 1193 475 1281; x_wconf 80' lang='grc' dir='ltr'><strong><em>ὑπηρέτης</em></strong></span> <span class='ocrx_word' id='word_1_78' title='bbox 497 1205 558 1262; x_wconf 89' lang='grc' dir='ltr'><strong><em>τοῦ</em></strong></span> <span class='ocrx_word' id='word_1_79' title='bbox 581 1197 674 1273; x_wconf 86' lang='grc' dir='ltr'><strong><em>Διός.</em></strong></span> <span class='ocrx_word' id='word_1_80' title='bbox 796 1274 799 1279; x_wconf 35' lang='grc'><strong><em>,</em></strong></span> <span class='ocrx_word' id='word_1_81' title='bbox 1305 1219 1306 1224; x_wconf 68' lang='grc'>’</span> 
     </span>
    </p>

    <p class='ocr_par' dir='ltr' id='par_1_6' title="bbox 114 1300 1230 1386">
     <span class='ocr_line' id='line_1_11' title="bbox 114 1300 1230 1386; baseline -0.008 -15"><span class='ocrx_word' id='word_1_82' title='bbox 114 1321 149 1371; x_wconf 83' lang='grc'><strong><em>83</em></strong></span> <span class='ocrx_word' id='word_1_83' title='bbox 226 1300 289 1367; x_wconf 85' lang='lat' dir='ltr'><strong><em>&#39;&#39;Av</em></strong></span> <span class='ocrx_word' id='word_1_84' title='bbox 312 1318 366 1367; x_wconf 90' lang='grc' dir='ltr'><strong><em>σοι</em></strong></span> <span class='ocrx_word' id='word_1_85' title='bbox 385 1300 476 1386; x_wconf 80' lang='grc' dir='ltr'><strong><em>δόξῃ,</em></strong></span> <span class='ocrx_word' id='word_1_86' title='bbox 498 1308 613 1368; x_wconf 89' lang='grc' dir='ltr'><strong><em>πυθοῦ</em></strong></span> <span class='ocrx_word' id='word_1_87' title='bbox 631 1326 697 1386; x_wconf 91' lang='grc' dir='ltr'><strong><em>μου</em></strong></span> <span class='ocrx_word' id='word_1_88' title='bbox 714 1301 771 1368; x_wconf 79' lang='grc' dir='ltr'><strong><em>καὶ</em></strong></span> <span class='ocrx_word' id='word_1_89' title='bbox 789 1304 820 1368; x_wconf 89' lang='grc' dir='ltr'><strong><em>εί</em></strong></span> <span class='ocrx_word' id='word_1_90' title='bbox 836 1303 1070 1368; x_wconf 87' lang='grc' dir='ltr'><strong><em>πολιτεύσεται.</em></strong></span> <span class='ocrx_word' id='word_1_91' title='bbox 1103 1318 1186 1366; x_wconf 81' lang='grc' dir='ltr'><strong><em>σαν·</em></strong></span> <span class='ocrx_word' id='word_1_92' title='bbox 1201 1323 1230 1362; x_wconf 77' lang='grc' dir='ltr'><strong><em>ιο</em></strong></span> 
     </span>
    </p>

    <p class='ocr_par' dir='ltr' id='par_1_7' title="bbox 115 1404 1310 2132">
     <span class='ocr_line' id='line_1_12' title="bbox 115 1404 1185 1493; baseline -0.003 -17"><span class='ocrx_word' id='word_1_93' title='bbox 115 1427 150 1477; x_wconf 83' lang='lat'><strong><em>84</em></strong></span> <span class='ocrx_word' id='word_1_94' title='bbox 168 1412 268 1492; x_wconf 85' lang='grc' dir='ltr'><strong><em>νίων,</em></strong></span> <span class='ocrx_word' id='word_1_95' title='bbox 296 1411 428 1492; x_wconf 79' lang='grc' dir='ltr'><strong><em>μείζονα</em></strong></span> <span class='ocrx_word' id='word_1_96' title='bbox 450 1411 620 1474; x_wconf 80' lang='grc' dir='ltr'><strong><em>πολιτείαν</em></strong></span> <span class='ocrx_word' id='word_1_97' title='bbox 644 1412 762 1493; x_wconf 79' lang='grc' dir='ltr'><strong><em>ζητεῖς,</em></strong></span> <span class='ocrx_word' id='word_1_98' title='bbox 789 1404 828 1493; x_wconf 84' lang='grc' dir='ltr'><strong><em>ής</em></strong></span> <span class='ocrx_word' id='word_1_99' title='bbox 849 1409 1070 1487; x_wconf 78' lang='grc' dir='ltr'><strong><em>πολιτεύεταις</em></strong></span> <span class='ocrx_word' id='word_1_100' title='bbox 1101 1408 1121 1493; x_wconf 84' lang='grc' dir='ltr'><strong><em>ή</em></strong></span> <span class='ocrx_word' id='word_1_101' title='bbox 1145 1407 1185 1474; x_wconf 83' lang='grc' dir='ltr'><strong><em>ἐν</em></strong></span> 
     </span>
     <span class='ocr_line' id='line_1_13' title="bbox 164 1512 1186 1601; baseline 0.001 -22"><span class='ocrx_word' id='word_1_102' title='bbox 164 1513 357 1598; x_wconf 88' lang='grc' dir='ltr'><strong><em>Ἀθηναίοις</em></strong></span> <span class='ocrx_word' id='word_1_103' title='bbox 379 1514 559 1599; x_wconf 81' lang='grc' dir='ltr'><strong><em>παρελθὼν</em></strong></span> <span class='ocrx_word' id='word_1_104' title='bbox 577 1512 647 1600; x_wconf 86' lang='grc' dir='ltr'><strong><em>ἐρεῖ</em></strong></span> <span class='ocrx_word' id='word_1_105' title='bbox 663 1538 712 1592; x_wconf 86' lang='grc' dir='ltr'><strong><em>τις</em></strong></span> <span class='ocrx_word' id='word_1_106' title='bbox 729 1514 805 1601; x_wconf 82' lang='grc' dir='ltr'><strong><em>περὶ</em></strong></span> <span class='ocrx_word' id='word_1_107' title='bbox 823 1517 1001 1600; x_wconf 78' lang='grc' dir='ltr'><strong><em>προσόδων</em></strong></span> <span class='ocrx_word' id='word_1_108' title='bbox 1018 1513 1039 1599; x_wconf 86' lang='grc' dir='ltr'><strong><em>ή</em></strong></span> <span class='ocrx_word' id='word_1_109' title='bbox 1057 1517 1186 1600; x_wconf 85' lang='grc' dir='ltr'><strong><em>πόρων,</em></strong></span> 
     </span>
     <span class='ocr_line' id='line_1_14' title="bbox 169 1617 1186 1707; baseline -0.001 -20"><span class='ocrx_word' id='word_1_110' title='bbox 169 1620 210 1687; x_wconf 87' lang='grc' dir='ltr'><strong><em>ὃν</em></strong></span> <span class='ocrx_word' id='word_1_111' title='bbox 248 1623 302 1686; x_wconf 87' lang='grc' dir='ltr'><strong><em>δεῖ</em></strong></span> <span class='ocrx_word' id='word_1_112' title='bbox 335 1629 438 1686; x_wconf 86' lang='grc' dir='ltr'><strong><em>πᾶσιν</em></strong></span> <span class='ocrx_word' id='word_1_113' title='bbox 475 1619 668 1707; x_wconf 83' lang='grc' dir='ltr'><strong><em>ἀνθρώποις</em></strong></span> <span class='ocrx_word' id='word_1_114' title='bbox 705 1619 935 1706; x_wconf 79' lang='grc' dir='ltr'><strong><em>διαλέγεσθαι,</em></strong></span> <span class='ocrx_word' id='word_1_115' title='bbox 972 1621 1086 1705; x_wconf 84' lang='grc' dir='ltr'><strong><em>ἐπίσης</em></strong></span> <span class='ocrx_word' id='word_1_116' title='bbox 1122 1617 1186 1705; x_wconf 70' lang='grc' dir='ltr'><strong><em>μὲν</em></strong></span> 
     </span>
     <span class='ocr_line' id='line_1_15' title="bbox 165 1724 1186 1814; baseline 0 -23"><span class='ocrx_word' id='word_1_117' title='bbox 165 1724 370 1811; x_wconf 80' lang='grc' dir='ltr'><strong><em>Ἀθηναίοις,</em></strong></span> <span class='ocrx_word' id='word_1_118' title='bbox 393 1725 507 1814; x_wconf 82' lang='grc' dir='ltr'><strong><em>ἐπίσης</em></strong></span> <span class='ocrx_word' id='word_1_119' title='bbox 529 1724 567 1792; x_wconf 68' lang='grc' dir='ltr'><strong><em>δὲ</em></strong></span> <span class='ocrx_word' id='word_1_120' title='bbox 588 1730 797 1814; x_wconf 84' lang='grc' dir='ltr'><strong><em>Κορινθίοις,</em></strong></span> <span class='ocrx_word' id='word_1_121' title='bbox 821 1727 935 1811; x_wconf 81' lang='grc' dir='ltr'><strong><em>ἐπίσης</em></strong></span> <span class='ocrx_word' id='word_1_122' title='bbox 958 1725 995 1794; x_wconf 73' lang='grc' dir='ltr'><strong><em>δὲ</em></strong></span> <span class='ocrx_word' id='word_1_123' title='bbox 1012 1725 1186 1811; x_wconf 83' lang='grc' dir='ltr'><strong><em>Ῥωμαίοις</em></strong></span> 
     </span>
     <span class='ocr_line' id='line_1_16' title="bbox 170 1830 1228 1920; baseline -0.006 -20"><span class='ocrx_word' id='word_1_124' title='bbox 170 1833 211 1900; x_wconf 86' lang='grc' dir='ltr'><strong><em>οὐ</em></strong></span> <span class='ocrx_word' id='word_1_125' title='bbox 234 1831 309 1918; x_wconf 84' lang='grc' dir='ltr'><strong><em>περὶ</em></strong></span> <span class='ocrx_word' id='word_1_126' title='bbox 332 1834 446 1916; x_wconf 80' lang='grc' dir='ltr'><strong><em>πόρων</em></strong></span> <span class='ocrx_word' id='word_1_127' title='bbox 465 1830 544 1899; x_wconf 72' lang='grc' dir='ltr'><strong><em>οὐδὲ</em></strong></span> <span class='ocrx_word' id='word_1_128' title='bbox 561 1831 638 1918; x_wconf 82' lang='grc' dir='ltr'><strong><em>περὶ</em></strong></span> <span class='ocrx_word' id='word_1_129' title='bbox 660 1834 837 1918; x_wconf 85' lang='grc' dir='ltr'><strong><em>προσόδων</em></strong></span> <span class='ocrx_word' id='word_1_130' title='bbox 855 1830 935 1900; x_wconf 73' lang='grc' dir='ltr'><strong><em>οὐδὲ</em></strong></span> <span class='ocrx_word' id='word_1_131' title='bbox 955 1832 1031 1920; x_wconf 80' lang='grc' dir='ltr'><strong><em>περὶ</em></strong></span> <span class='ocrx_word' id='word_1_132' title='bbox 1048 1835 1186 1918; x_wconf 77' lang='grc' dir='ltr'><strong><em>εἰρήνης</em></strong></span> <span class='ocrx_word' id='word_1_133' title='bbox 1201 1855 1228 1895; x_wconf 82' lang='lat'><strong><em>15</em></strong></span> 
     </span>
     <span class='ocr_line' id='line_1_17' title="bbox 169 1935 1310 2026; baseline 0.004 -23"><span class='ocrx_word' id='word_1_134' title='bbox 169 1939 190 2022; x_wconf 84' lang='grc' dir='ltr'><strong><em>ή</em></strong></span> <span class='ocrx_word' id='word_1_135' title='bbox 213 1935 372 2023; x_wconf 76' lang='grc' dir='ltr'><strong><em>πολέμου,</em></strong></span> <span class='ocrx_word' id='word_1_136' title='bbox 395 1936 479 2002; x_wconf 80' lang='grc' dir='ltr'><strong><em>ἀλλὰ</em></strong></span> <span class='ocrx_word' id='word_1_137' title='bbox 501 1937 578 2024; x_wconf 78' lang='grc' dir='ltr'><strong><em>περὶ</em></strong></span> <span class='ocrx_word' id='word_1_138' title='bbox 601 1940 814 2025; x_wconf 86' lang='grc' dir='ltr'><strong><em>εὐδαιμονίας</em></strong></span> <span class='ocrx_word' id='word_1_139' title='bbox 836 1938 892 2005; x_wconf 82' lang='grc' dir='ltr'><strong><em>καὶ</em></strong></span> <span class='ocrx_word' id='word_1_140' title='bbox 914 1943 1185 2026; x_wconf 88' lang='grc' dir='ltr'><strong><em>κακοδαιμονίας,</em></strong></span> <span class='ocrx_word' id='word_1_141' title='bbox 1309 1946 1310 2000; x_wconf 65' lang='grc' dir='ltr'><strong><em>ι</em></strong></span> 
     </span>
     <span class='ocr_line' id='line_1_18' title="bbox 169 2041 1185 2132; baseline 0.002 -22"><span class='ocrx_word' id='word_1_142' title='bbox 169 2041 246 2129; x_wconf 85' lang='grc' dir='ltr'><strong><em>περὶ</em></strong></span> <span class='ocrx_word' id='word_1_143' title='bbox 270 2044 422 2128; x_wconf 80' lang='grc' dir='ltr'><strong><em>εὐτυχίας</em></strong></span> <span class='ocrx_word' id='word_1_144' title='bbox 444 2043 499 2110; x_wconf 84' lang='grc' dir='ltr'><strong><em>καὶ</em></strong></span> <span class='ocrx_word' id='word_1_145' title='bbox 522 2047 711 2132; x_wconf 80' lang='grc' dir='ltr'><strong><em>δυστυχίας,</em></strong></span> <span class='ocrx_word' id='word_1_146' title='bbox 737 2044 814 2131; x_wconf 80' lang='grc' dir='ltr'><strong><em>περὶ</em></strong></span> <span class='ocrx_word' id='word_1_147' title='bbox 837 2048 990 2126; x_wconf 81' lang='grc' dir='ltr'><strong><em>δουλείας</em></strong></span> <span class='ocrx_word' id='word_1_148' title='bbox 1012 2045 1068 2113; x_wconf 79' lang='grc' dir='ltr'><strong><em>καὶ</em></strong></span> <span class='ocrx_word' id='word_1_149' title='bbox 1091 2045 1185 2112; x_wconf 83' lang='grc' dir='ltr'><strong><em>ἐλευ-</em></strong></span> 
     </span>
    </p>

    <p class='ocr_par' dir='ltr' id='par_1_8' title="bbox 116 2151 1226 2558">
     <span class='ocr_line' id='line_1_19' title="bbox 116 2151 1184 2239; baseline -0.002 -19"><span class='ocrx_word' id='word_1_150' title='bbox 116 2168 152 2220; x_wconf 84' lang='lat'><strong><em>85</em></strong></span> <span class='ocrx_word' id='word_1_151' title='bbox 169 2153 301 2235; x_wconf 78' lang='grc' dir='ltr'><strong><em>θερίαςς</em></strong></span> <span class='ocrx_word' id='word_1_152' title='bbox 333 2151 531 2236; x_wconf 77' lang='grc' dir='ltr'><strong><em>τηλικαύτην</em></strong></span> <span class='ocrx_word' id='word_1_153' title='bbox 558 2155 727 2218; x_wconf 89' lang='grc' dir='ltr'><strong><em>πολιτείαν</em></strong></span> <span class='ocrx_word' id='word_1_154' title='bbox 759 2151 1018 2239; x_wconf 77' lang='grc' dir='ltr'><strong><em>πολιτευομένου</em></strong></span> <span class='ocrx_word' id='word_1_155' title='bbox 1050 2154 1184 2239; x_wconf 81' lang='grc' dir='ltr'><strong><em>ἀνθρώ-</em></strong></span> 
     </span>
     <span class='ocr_line' id='line_1_20' title="bbox 169 2257 1184 2347; baseline 0.003 -25"><span class='ocrx_word' id='word_1_156' title='bbox 169 2279 236 2322; x_wconf 91' lang='grc' dir='ltr'><strong><em>που</em></strong></span> <span class='ocrx_word' id='word_1_157' title='bbox 260 2257 302 2321; x_wconf 86' lang='grc' dir='ltr'><strong><em>σύ</em></strong></span> <span class='ocrx_word' id='word_1_158' title='bbox 325 2280 390 2341; x_wconf 92' lang='grc' dir='ltr'><strong><em>μου</em></strong></span> <span class='ocrx_word' id='word_1_159' title='bbox 413 2257 572 2345; x_wconf 82' lang='grc' dir='ltr'><strong><em>πυνθοίνη</em></strong></span> <span class='ocrx_word' id='word_1_160' title='bbox 594 2260 626 2324; x_wconf 85' lang='grc' dir='ltr'><strong><em>εί</em></strong></span> <span class='ocrx_word' id='word_1_161' title='bbox 645 2261 886 2338; x_wconf 74' lang='grc' dir='ltr'><strong><em>πολιτεύσεταις</em></strong></span> <span class='ocrx_word' id='word_1_162' title='bbox 910 2267 1025 2328; x_wconf 88' lang='grc' dir='ltr'><strong><em>πυθοῦ</em></strong></span> <span class='ocrx_word' id='word_1_163' title='bbox 1043 2284 1108 2347; x_wconf 92' lang='grc' dir='ltr'><strong><em>μου</em></strong></span> <span class='ocrx_word' id='word_1_164' title='bbox 1126 2257 1184 2326; x_wconf 82' lang='grc' dir='ltr'><strong><em>καὶ</em></strong></span> 
     </span>
     <span class='ocr_line' id='line_1_21' title="bbox 170 2361 1226 2452; baseline -0.002 -22"><span class='ocrx_word' id='word_1_165' title='bbox 170 2365 202 2430; x_wconf 86' lang='grc' dir='ltr'><strong><em>εί</em></strong></span> <span class='ocrx_word' id='word_1_166' title='bbox 223 2361 327 2450; x_wconf 74' lang='grc' dir='ltr'><strong><em>ἄρξει·</em></strong></span> <span class='ocrx_word' id='word_1_167' title='bbox 354 2363 455 2430; x_wconf 81' lang='grc' dir='ltr'><strong><em>πάλιν</em></strong></span> <span class='ocrx_word' id='word_1_168' title='bbox 479 2363 543 2450; x_wconf 82' lang='grc' dir='ltr'><strong><em>ἐρῶ</em></strong></span> <span class='ocrx_word' id='word_1_169' title='bbox 567 2382 634 2430; x_wconf 86' lang='grc' dir='ltr'><strong><em>σοι·</em></strong></span> <span class='ocrx_word' id='word_1_170' title='bbox 665 2363 765 2451; x_wconf 85' lang='grc' dir='ltr'><strong><em>μωρέ,</em></strong></span> <span class='ocrx_word' id='word_1_171' title='bbox 787 2367 888 2432; x_wconf 86' lang='grc' dir='ltr'><strong><em>ποίαν</em></strong></span> <span class='ocrx_word' id='word_1_172' title='bbox 904 2364 1016 2452; x_wconf 71' lang='grc' dir='ltr'><strong><em>’ἀρχήν</em></strong></span> <span class='ocrx_word' id='word_1_173' title='bbox 1038 2369 1183 2450; x_wconf 81' lang='grc' dir='ltr'><strong><em>μείζονα,</em></strong></span> <span class='ocrx_word' id='word_1_174' title='bbox 1199 2388 1226 2428; x_wconf 86' lang='grc' dir='ltr'><strong><em>εο</em></strong></span> 
     </span>
     <span class='ocr_line' id='line_1_22' title="bbox 170 2466 341 2558; baseline 0.018 -3"><span class='ocrx_word' id='word_1_175' title='bbox 170 2466 210 2555; x_wconf 78' lang='grc' dir='ltr'><strong><em>λι</em></strong></span> <span class='ocrx_word' id='word_1_176' title='bbox 232 2472 341 2558; x_wconf 56' lang='lat' dir='ltr'><strong><em>&amp;oxea</em></strong></span> 
     </span>
    </p>

    <p class='ocr_par' dir='ltr' id='par_1_9' title="bbox 117 2576 1187 2771">
     <span class='ocr_line' id='line_1_23' title="bbox 117 2576 1187 2668; baseline 0 -24"><span class='ocrx_word' id='word_1_177' title='bbox 117 2596 151 2654; x_wconf 75' lang='grc' dir='ltr'><strong><em>βο</em></strong></span> <span class='ocrx_word' id='word_1_178' title='bbox 239 2582 341 2664; x_wconf 90' lang='grc' dir='ltr'><strong><em>Χρεία</em></strong></span> <span class='ocrx_word' id='word_1_179' title='bbox 365 2577 478 2663; x_wconf 82' lang='grc' dir='ltr'><strong><em>μέντοι</em></strong></span> <span class='ocrx_word' id='word_1_180' title='bbox 501 2576 556 2643; x_wconf 85' lang='grc' dir='ltr'><strong><em>καλ</em></strong></span> <span class='ocrx_word' id='word_1_181' title='bbox 579 2579 729 2663; x_wconf 84' lang='grc' dir='ltr'><strong><em>σώματος</em></strong></span> <span class='ocrx_word' id='word_1_182' title='bbox 746 2589 845 2645; x_wconf 91' lang='grc' dir='ltr'><strong><em>ποιοῦ</em></strong></span> <span class='ocrx_word' id='word_1_183' title='bbox 863 2588 908 2667; x_wconf 74' lang='grc' dir='ltr'><strong><em>τῷ</em></strong></span> <span class='ocrx_word' id='word_1_184' title='bbox 927 2580 1075 2668; x_wconf 77' lang='grc' dir='ltr'><strong><em>τοιούτῳ.</em></strong></span> <span class='ocrx_word' id='word_1_185' title='bbox 1111 2578 1187 2645; x_wconf 86' lang='grc' dir='ltr'><strong><em>ἐπεί</em></strong></span> 
     </span>
     <span class='ocr_line' id='line_1_24' title="bbox 170 2680 1184 2771; baseline 0.002 -22"><span class='ocrx_word' id='word_1_186' title='bbox 170 2707 221 2749; x_wconf 91' lang='grc' dir='ltr'><strong><em>τοι</em></strong></span> <span class='ocrx_word' id='word_1_187' title='bbox 240 2684 282 2750; x_wconf 82' lang='grc' dir='ltr'><strong><em>ἂν</em></strong></span> <span class='ocrx_word' id='word_1_188' title='bbox 301 2686 461 2768; x_wconf 85' lang='grc' dir='ltr'><strong><em>φθισικὸς</em></strong></span> <span class='ocrx_word' id='word_1_189' title='bbox 482 2680 693 2770; x_wconf 83' lang='grc' dir='ltr'><strong><em>προέρχηται,</em></strong></span> <span class='ocrx_word' id='word_1_190' title='bbox 715 2686 832 2762; x_wconf 87' lang='grc' dir='ltr'><strong><em>λεπτὸς</em></strong></span> <span class='ocrx_word' id='word_1_191' title='bbox 852 2682 908 2749; x_wconf 81' lang='grc' dir='ltr'><strong><em>καί</em></strong></span> <span class='ocrx_word' id='word_1_192' title='bbox 932 2684 1049 2771; x_wconf 79' lang='grc' dir='ltr'><strong><em>ὠχρός,</em></strong></span> <span class='ocrx_word' id='word_1_193' title='bbox 1071 2683 1184 2751; x_wconf 85' lang='grc' dir='ltr'><strong><em>οὐκέτι</em></strong></span> 
     </span>
    </p>

    <p class='ocr_par' dir='ltr' id='par_1_10' title="bbox 117 2789 1225 3089">
     <span class='ocr_line' id='line_1_25' title="bbox 117 2789 1183 2876; baseline -0.001 -20"><span class='ocrx_word' id='word_1_194' title='bbox 117 2807 151 2856; x_wconf 76' lang='grc'><strong><em>87</em></strong></span> <span class='ocrx_word' id='word_1_195' title='bbox 171 2789 291 2873; x_wconf 85' lang='grc' dir='ltr'><strong><em>ὁμοίαν</em></strong></span> <span class='ocrx_word' id='word_1_196' title='bbox 314 2791 456 2874; x_wconf 79' lang='grc' dir='ltr'><strong><em>ἔμφασιν</em></strong></span> <span class='ocrx_word' id='word_1_197' title='bbox 478 2790 499 2873; x_wconf 85' lang='grc' dir='ltr'><strong><em>ή</em></strong></span> <span class='ocrx_word' id='word_1_198' title='bbox 523 2793 688 2876; x_wconf 89' lang='grc' dir='ltr'><strong><em>μαρτυρία</em></strong></span> <span class='ocrx_word' id='word_1_199' title='bbox 710 2790 814 2856; x_wconf 86' lang='grc' dir='ltr'><strong><em>αὐτοῦ</em></strong></span> <span class='ocrx_word' id='word_1_200' title='bbox 842 2793 917 2875; x_wconf 79' lang='grc' dir='ltr'><strong><em>ἔχει.</em></strong></span> <span class='ocrx_word' id='word_1_201' title='bbox 963 2790 1017 2854; x_wconf 89' lang='grc' dir='ltr'><strong><em>δεῖ</em></strong></span> <span class='ocrx_word' id='word_1_202' title='bbox 1038 2791 1100 2876; x_wconf 81' lang='grc' dir='ltr'><strong><em>γὰρ</em></strong></span> <span class='ocrx_word' id='word_1_203' title='bbox 1124 2789 1183 2855; x_wconf 85' lang='grc' dir='ltr'><strong><em>αὐ-</em></strong></span> 
     </span>
     <span class='ocr_line' id='line_1_26' title="bbox 171 2894 1225 2983; baseline -0.002 -24"><span class='ocrx_word' id='word_1_204' title='bbox 171 2897 230 2960; x_wconf 89' lang='grc' dir='ltr'><strong><em>τὸν</em></strong></span> <span class='ocrx_word' id='word_1_205' title='bbox 253 2894 294 2960; x_wconf 84' lang='grc' dir='ltr'><strong><em>οὐ</em></strong></span> <span class='ocrx_word' id='word_1_206' title='bbox 317 2896 422 2978; x_wconf 90' lang='grc' dir='ltr'><strong><em>μόνον</em></strong></span> <span class='ocrx_word' id='word_1_207' title='bbox 440 2896 481 2959; x_wconf 80' lang='grc' dir='ltr'><strong><em>τὰ</em></strong></span> <span class='ocrx_word' id='word_1_208' title='bbox 498 2904 556 2979; x_wconf 81' lang='grc' dir='ltr'><strong><em>τῆς</em></strong></span> <span class='ocrx_word' id='word_1_209' title='bbox 574 2905 681 2980; x_wconf 79' lang='grc' dir='ltr'><strong><em>ψυχῆς</em></strong></span> <span class='ocrx_word' id='word_1_210' title='bbox 699 2895 949 2963; x_wconf 85' lang='grc' dir='ltr'><strong><em>ἐπιδεικνύοντα</em></strong></span> <span class='ocrx_word' id='word_1_211' title='bbox 967 2897 1182 2983; x_wconf 82' lang='grc' dir='ltr'><strong><em>παριστάνειν</em></strong></span> <span class='ocrx_word' id='word_1_212' title='bbox 1198 2917 1225 2958; x_wconf 80' lang='lat'><strong><em>25</em></strong></span> 
     </span>
     <span class='ocr_line' id='line_1_27' title="bbox 170 3000 1182 3089; baseline 0.002 -23"><span class='ocrx_word' id='word_1_213' title='bbox 170 3011 240 3078; x_wconf 88' lang='grc' dir='ltr'><strong><em>τοῖς</em></strong></span> <span class='ocrx_word' id='word_1_214' title='bbox 268 3000 414 3076; x_wconf 84' lang='grc' dir='ltr'><strong><em>ἰδιώταις</em></strong></span> <span class='ocrx_word' id='word_1_215' title='bbox 444 3000 496 3066; x_wconf 85' lang='grc' dir='ltr'><strong><em>ὅτι</em></strong></span> <span class='ocrx_word' id='word_1_216' title='bbox 523 3000 688 3088; x_wconf 80' lang='grc' dir='ltr'><strong><em>ἐνδέχεται</em></strong></span> <span class='ocrx_word' id='word_1_217' title='bbox 722 3005 798 3089; x_wconf 86' lang='grc' dir='ltr'><strong><em>δίχα</em></strong></span> <span class='ocrx_word' id='word_1_218' title='bbox 826 3014 894 3070; x_wconf 86' lang='grc' dir='ltr'><strong><em>τῶν</em></strong></span> <span class='ocrx_word' id='word_1_219' title='bbox 920 3000 1182 3087; x_wconf 79' lang='grc' dir='ltr'><strong><em>θαυμαζομένων</em></strong></span> 
     </span>
    </p>
   </div>
   <div class='ocr_carea' id='block_1_3' title="bbox 170 3226 1183 3443">
    <p class='ocr_par' dir='ltr' id='par_1_11' title="bbox 170 3226 1183 3443">
     <span class='ocr_line' id='line_1_28' title="bbox 243 3226 1183 3302; baseline 0.004 -22"><span class='ocrx_word' id='word_1_220' title='bbox 243 3233 257 3280; x_wconf 85' lang='grc'>1</span> <span class='ocrx_word' id='word_1_221' title='bbox 278 3227 308 3282; x_wconf 85' lang='grc' dir='ltr'><strong><em>εί</em></strong></span> <span class='ocrx_word' id='word_1_222' title='bbox 320 3246 348 3281; x_wconf 91' lang='grc' dir='ltr'><strong><em>τι</em></strong></span> <span class='ocrx_word' id='word_1_223' title='bbox 366 3226 421 3295; x_wconf 79' lang='grc' dir='ltr'><strong><em>ἄρα</em></strong></span> <span class='ocrx_word' id='word_1_224' title='bbox 440 3231 539 3299; x_wconf 77' lang='lat' dir='ltr'><em>scripsi</em></span> <span class='ocrx_word' id='word_1_225' title='bbox 556 3232 607 3294; x_wconf 82' lang='lat' dir='ltr'><strong><em>(an</em></strong></span> <span class='ocrx_word' id='word_1_226' title='bbox 625 3231 703 3301; x_wconf 86' lang='grc' dir='ltr'><strong><em>είκερ</em></strong></span> <span class='ocrx_word' id='word_1_227' title='bbox 723 3229 825 3302; x_wconf 67' lang='grc' dir='ltr'><strong><em>ἄραὲλε</em></strong></span> <span class='ocrx_word' id='word_1_228' title='bbox 844 3232 875 3285; x_wconf 82' lang='grc' dir='ltr'><strong><em>εί</em></strong></span> <span class='ocrx_word' id='word_1_229' title='bbox 892 3229 935 3286; x_wconf 81' lang='grc' dir='ltr'><strong><em>ὅτι</em></strong></span> <span class='ocrx_word' id='word_1_230' title='bbox 953 3230 1009 3301; x_wconf 79' lang='grc' dir='ltr'><strong><em>ἄρα</em></strong></span> <span class='ocrx_word' id='word_1_231' title='bbox 1028 3229 1063 3297; x_wconf 68' lang='grc'><strong><em>8,·</em></strong></span> <span class='ocrx_word' id='word_1_232' title='bbox 1082 3227 1109 3286; x_wconf 84' lang='grc' dir='ltr'><strong><em>εί</em></strong></span> <span class='ocrx_word' id='word_1_233' title='bbox 1125 3229 1183 3302; x_wconf 78' lang='grc' dir='ltr'><strong><em>ἄρα</em></strong></span> 
     </span>
     <span class='ocr_line' id='line_1_29' title="bbox 172 3296 1182 3371; baseline 0.004 -19"><span class='ocrx_word' id='word_1_234' title='bbox 172 3296 246 3353; x_wconf 81' lang='grc' dir='ltr'><strong><em>δτιε</em></strong></span> <span class='ocrx_word' id='word_1_235' title='bbox 286 3300 296 3366; x_wconf 80' lang='lat' dir='ltr'>ss</span> <span class='ocrx_word' id='word_1_236' title='bbox 338 3303 353 3352; x_wconf 79' lang='grc'><strong>7</strong></span> <span class='ocrx_word' id='word_1_237' title='bbox 381 3299 476 3354; x_wconf 77' lang='lat' dir='ltr'><strong><em>malim</em></strong></span> <span class='ocrx_word' id='word_1_238' title='bbox 502 3298 584 3366; x_wconf 85' lang='grc' dir='ltr'><strong><em>ήσοι</em></strong></span> <span class='ocrx_word' id='word_1_239' title='bbox 612 3301 695 3355; x_wconf 83' lang='grc' dir='ltr'><strong><em>δοκεῖ</em></strong></span> <span class='ocrx_word' id='word_1_240' title='bbox 730 3303 740 3371; x_wconf 84' lang='grc' dir='ltr'><strong><em>ΙΙ</em></strong></span> <span class='ocrx_word' id='word_1_241' title='bbox 782 3307 813 3355; x_wconf 90' lang='grc'><strong><em>11</em></strong></span> <span class='ocrx_word' id='word_1_242' title='bbox 832 3302 1025 3357; x_wconf 82' lang='grc' dir='ltr'><strong><em>κολιτείσεται</em></strong></span> <span class='ocrx_word' id='word_1_243' title='bbox 1052 3301 1085 3357; x_wconf 78' lang='lat' dir='ltr'><strong><em>S:</em></strong></span> <span class='ocrx_word' id='word_1_244' title='bbox 1111 3319 1182 3358; x_wconf 78' lang='lat' dir='ltr'><strong><em>corr.</em></strong></span> 
     </span>
     <span class='ocr_line' id='line_1_30' title="bbox 170 3363 1183 3443; baseline 0.003 -21"><span class='ocrx_word' id='word_1_245' title='bbox 170 3384 184 3422; x_wconf 87' lang='grc' dir='ltr'><strong><em>ε</em></strong></span> <span class='ocrx_word' id='word_1_246' title='bbox 215 3369 224 3436; x_wconf 93' lang='grc' dir='ltr'><strong><em>ΙΙ</em></strong></span> <span class='ocrx_word' id='word_1_247' title='bbox 255 3363 386 3435; x_wconf 66' lang='grc' dir='ltr'><strong><em>ἢδολιιοα</em></strong></span> <span class='ocrx_word' id='word_1_248' title='bbox 405 3367 471 3424; x_wconf 65' lang='lat' dir='ltr'><strong><em>scs</em></strong></span> <span class='ocrx_word' id='word_1_249' title='bbox 494 3372 504 3440; x_wconf 82' lang='grc' dir='ltr'><strong><em>ή</em></strong></span> <span class='ocrx_word' id='word_1_250' title='bbox 532 3375 564 3425; x_wconf 80' lang='lat'><strong><em>12</em></strong></span> <span class='ocrx_word' id='word_1_251' title='bbox 583 3370 874 3442; x_wconf 71' lang='grc' dir='ltr'><strong><em>τίς8(τιςεοτι’μει);</em></strong></span> <span class='ocrx_word' id='word_1_252' title='bbox 897 3390 955 3430; x_wconf 83' lang='grc' dir='ltr'><strong><em>τιε</em></strong></span> <span class='ocrx_word' id='word_1_253' title='bbox 985 3375 995 3443; x_wconf 69' lang='lat' dir='ltr'>fl</span> <span class='ocrx_word' id='word_1_254' title='bbox 1027 3377 1060 3426; x_wconf 85' lang='grc'><strong><em>13</em></strong></span> <span class='ocrx_word' id='word_1_255' title='bbox 1081 3374 1122 3442; x_wconf 76' lang='grc' dir='ltr'><strong><em>(οῖ</em></strong></span> <span class='ocrx_word' id='word_1_256' title='bbox 1137 3377 1183 3442; x_wconf 82' lang='grc'><strong><em>14)</em></strong></span> 
     </span>
    </p>
   </div>
   <div class='ocr_carea' id='block_1_4' title="bbox 171 3442 1183 3600">
    <p class='ocr_par' dir='ltr' id='par_1_12' title="bbox 171 3442 1183 3600">
     <span class='ocr_line' id='line_1_31' title="bbox 171 3442 1183 3600; baseline 0.008 -73"><span class='ocrx_word' id='word_1_257' title='bbox 171 3442 329 3600; x_wconf 44' lang='lat' dir='ltr'><strong><em>{fflrongter</em></strong></span> <span class='ocrx_word' id='word_1_258' title='bbox 347 3473 381 3529; x_wconf 76' lang='lat' dir='ltr'><strong><em>S:</em></strong></span> <span class='ocrx_word' id='word_1_259' title='bbox 399 3467 539 3544; x_wconf 67' lang='grc' dir='ltr'><strong><em>ἐπίσηςδ,</em></strong></span> <span class='ocrx_word' id='word_1_260' title='bbox 574 3479 583 3545; x_wconf 81' lang='grc' dir='ltr'><strong><em>Ι]</em></strong></span> <span class='ocrx_word' id='word_1_261' title='bbox 620 3483 652 3532; x_wconf 84' lang='grc'><strong><em>16</em></strong></span> <span class='ocrx_word' id='word_1_262' title='bbox 677 3476 726 3530; x_wconf 90' lang='grc' dir='ltr'><strong><em>καλ</em></strong></span> <span class='ocrx_word' id='word_1_263' title='bbox 743 3493 771 3533; x_wconf 82' lang='grc' dir='ltr'><strong><em>ει</em></strong></span> <span class='ocrx_word' id='word_1_264' title='bbox 794 3473 849 3543; x_wconf 72' lang='grc' dir='ltr'><strong><em>ἥδ</em></strong></span> <span class='ocrx_word' id='word_1_265' title='bbox 880 3479 889 3547; x_wconf 89' lang='grc' dir='ltr'><strong><em>ΙΙ</em></strong></span> <span class='ocrx_word' id='word_1_266' title='bbox 921 3485 956 3533; x_wconf 76' lang='grc' dir='ltr'><strong><em>λθ</em></strong></span> <span class='ocrx_word' id='word_1_267' title='bbox 974 3477 1129 3550; x_wconf 81' lang='grc' dir='ltr'><strong><em>κροὲρχετα</em></strong></span> <span class='ocrx_word' id='word_1_268' title='bbox 1148 3480 1183 3535; x_wconf 74' lang='lat' dir='ltr'><strong><em>S.-</em></strong></span> 
     </span>
    </p>
   </div>
   <div class='ocr_carea' id='block_1_5' title="bbox 0 0 1329 3930">
    <p class='ocr_par' dir='ltr' id='par_1_13' title="bbox 0 0 1329 3930">
     <span class='ocr_line' id='line_1_32' title="bbox 0 0 1329 3930; baseline 0 0"><span class='ocrx_word' id='word_1_269' title='bbox 0 0 1329 3930; x_wconf 95' lang='lat' dir='ltr'><strong><em> </em></strong></span> 
     </span>
    </p>
   </div>
  </div>
 </body>
</html>
