2650 3930
138 201 168 258 (ε
183 206 202 258 ι,
217 205 291 256 ιι-ι,
305 200 326 252 ο
425 194 579 245 BIBAJON
596 193 736 245 Τεινοιι.
759 192 799 262 ι’.
819 191 857 260 γ’.
1087 191 1152 254 217

136 352 216 436 ὕλη·
241 353 341 438 ἐργον
361 349 397 417 δὲ
416 359 520 419 καλοῦ
538 350 591 418 καὶ
612 352 744 437 ἀγαθοῦ
762 357 799 419 τὸ
819 361 964 439 χρῆσθαι
982 365 1053 431 ταῖς
1069 379 1153 439 φαν-

137 461 267 535 τασίαις
293 460 375 524 ιιατά
403 461 516 544 φύσιν.
567 456 715 545 πέφνκεν
744 456 781 524 δὲ
808 469 897 525 πᾶσα
923 462 1013 546 ψυχὴ
1042 461 1188 544 ὥσπερν

139 574 183 652 τῷ
209 564 333 649 ἀληθεῖ
353 564 531 650 ἐπινεύειν,
553 568 635 652 πρὸς
656 568 693 631 τὸ
716 566 841 644 ψεῦδος
861 565 1049 650 ἀνανεύειν,
1071 569 1154 653 πρὸς

138 673 176 736 τὸ
200 672 327 754 ἀδηλον
351 669 489 757 ἐπέχειν,
513 671 619 748 οὕτως
640 675 723 757 πρὸς
744 669 805 757 μὲν
824 674 861 737 τὸ
880 671 1011 756 ἀγαθὸν
1030 673 1154 757 ὀρεκτι-

1 837 14 853 ι
112 787 205 852 ταῶς
227 783 407 860 κινεῖσθαι,
436 780 519 863 πρὸς
543 774 580 842 δὲ
602 779 640 844 τὸ
663 781 766 844 κακὸν
790 777 987 862 ἐκκλιτικῶς,
1010 781 1093 864 πρὸς
1116 776 1154 845 δέ

138 884 176 947 τὸ
204 884 284 966 μήτε
312 885 415 949 κακὸν
443 881 517 968 μήτ’
548 882 679 968 ἀγαθὸν
712 882 903 970 οὐδετέρως.
954 884 998 960 ὡς
1025 885 1088 970 γάρ
1116 888 1187 951 τὸ3

139 999 199 1054 τοῦ
222 991 391 1074 Καίσαρος
418 993 564 1074 νόμισμα
595 990 656 1056 οὐκ
685 989 810 1068 ἐξεστιν
837 989 1080 1074 ἀποδοκιμάσαι
1107 997 1152 1079 τῷ

139 1098 311 1181 τραπεζίτῃ
335 1091 415 1160 οὐδὲ
437 1104 483 1181 τῷ
506 1097 736 1182 λαχανοπώλη,
760 1091 831 1160 ἀλλ’
854 1095 897 1161 ἀν
916 1097 1036 1181 δείξῃς,
1058 1095 1154 1162 θέλει

140 1201 180 1266 οὐ
201 1199 314 1286 θέλει,
340 1199 505 1286 προέσθαι
534 1202 636 1267 αὐτὸν
660 1204 715 1267 δεῖ
738 1205 776 1267 τὸ
800 1199 873 1267 ἀντ’
898 1202 1002 1268 αὐτοῦ
1024 1205 1154 1268 πωλού-

98 1333 124 1374 10
138 1330 253 1391 μενον,
272 1307 377 1385 οὕτως
395 1310 462 1393 ἔχει
480 1306 535 1372 καὶ
554 1306 607 1374 ἐπὶ
625 1317 682 1392 της
700 1317 816 1395 ψυχῆς.
847 1311 884 1374 τὸ
899 1308 1031 1392 ἀγαθὸν
1047 1306 1154 1394 φανὲν
1173 1324 1190 1372 4

138 1413 245 1490 εὐθὺς
268 1411 420 1498 ἐκίνησεν
444 1410 496 1499 ἐφ’
524 1415 616 1499 αὑτό,
640 1417 676 1481 τὸ
699 1417 803 1480 κακὸν
827 1411 884 1500 ἀφ’
907 1415 1020 1481 αὑτοῦ.
1058 1415 1153 1482 οὐδέ-

138 1540 217 1586 ποτε
241 1517 272 1584 δ’
294 1519 427 1604 ἀγαθοῦ
445 1525 631 1605 φαντασίαν
650 1520 771 1606 ἐναργῆ
795 1519 1034 1605 ἀποδοκιμάσει
1052 1527 1155 1608 ψυχή,

139 1627 182 1692 οὐ
204 1631 330 1712 μᾶλλον
353 1625 374 1709 ἢ
401 1628 439 1692 τὸ
463 1629 631 1712 Καίσαρος
657 1628 811 1710 νόμισμα.
834 1628 959 1692 ’ἐνθεν
983 1625 1154 1712 ἐξήρτηται

10 1816 12 1829 1
139 1742 229 1798 πᾶσα
251 1736 380 1816 κίνησις
402 1730 457 1797 καὶ
481 1732 665 1817 ἀνθρώπου
687 1729 742 1796 καὶ
765 1737 860 1797 θεοῦ.

99 1862 126 1903 15
207 1839 276 1903 Διά
290 1848 387 1904 τοῦτο
402 1839 507 1923 πάσης
522 1840 720 1926 οἰκειότητος
735 1839 948 1924 προκρίνεται
961 1839 999 1903 τὸ
1013 1836 1154 1920 ἀγαθόν.
1173 1854 1189 1902 5

139 1941 240 2011 οὐδὲν
264 1942 338 2031 ἐμοὶ
360 1943 416 2010 καὶ
438 1956 483 2032 τῷ
507 1948 617 2029 πατρί,
641 1945 725 2010 ἀλλὰ
746 1951 792 2032 τῷ
817 1942 942 2032 ἀγαθῷ.
984 1943 1102 2023 ὀὕτως
1124 1942 1156 2011 εί

139 2055 281 2137 σκληρός
289 2051 309 2129 3'
343 2051 429 2117 οὕτω
458 2053 521 2138 γάρ
549 2049 694 2137 πέφυκα·
724 2054 823 2116 τοῦτό
850 2074 907 2134 μοι
939 2052 976 2116 τὸ
1008 2054 1154 2136 νόμισμα

139 2157 285 2224 δέδωκεν
304 2158 323 2224 ὁ
342 2161 430 2234 θεός.
477 2158 533 2222 διὰ
553 2168 663 2241 τοῦτο,
686 2160 718 2222 εί
738 2165 799 2222 τοῦ
821 2163 925 2222 καλοῦ
943 2155 998 2222 καὶ
1021 2160 1152 2224 δικαίου
1172 2172 1189 2220 6

138 2265 176 2330 τὸ
200 2263 331 2348 ἀγαθὸν
355 2263 468 2350 ἕτερόν
492 2263 595 2347 ἐστιν,
625 2269 748 2350 οἴχεται
771 2260 826 2328 καὶ
849 2264 955 2347 πατὴρ
978 2261 1034 2328 καὶ
1057 2262 1153 2329 ἀδελ

98 2392 125 2432 αι
138 2372 203 2455 φὸς
225 2367 280 2434 καὶ
302 2368 419 2457 πατρὶς
440 2353 495 2435 καὶ
513 2370 620 2435 πάντα
637 2371 678 2434 τά
696 2369 879 2454 πράγματα.
926 2366 1009 2432 “ἀλλ’
1032 2367 1096 2453 ἐγὼ
1115 2372 1153 2435 τὸ
1173 2383 1189 2431 7

139 2474 220 2560 ἐμὸν
243 2475 374 2560 ἀγαθὸν
397 2475 561 2562 ὑπερίδοι,
584 2477 639 2542 ἳνα
663 2478 705 2541 σὺ
729 2483 823 2560 σχῇς,
847 2472 902 2539 καὶ
924 2476 1153 2559 παραχωρήσει

141 2581 222 2661 σοι;’
245 2580 320 2648 ἀντὶ
343 2585 449 2661 τίνος;
473 2583 590 2666 επατήρ
614 2600 676 2648 σον
699 2580 787 2666 εἰμί’
833 2577 906 2646 ἀλλ’
930 2579 991 2645 οὐκ
1014 2579 1153 2662 ἀγαθόν.

139 2687 296 2773 (ἀδελφός
330 2705 392 2753 σον
427 2689 514 2772 εἰμί’
567 2685 639 2750 ἀλλ’
674 2687 735 2751 οὐκ
769 2684 910 2769 ἀγαθόν.
963 2683 1021 2748 ἐάν
1052 2682 1082 2749 δ’
1117 2684 1189 2751 ἐν8

139 2792 228 2878 ὀρθῇ
251 2791 440 2880 προαιρέσει
463 2798 590 2877 θῶμεν,
614 2791 695 2856 αὐτὸ
714 2790 796 2874 <τὸ>
814 2799 927 2873 τηρείν
947 2789 1005 2865 τὰς
1028 2788 1154 2874 σχέσεις

99 2917 125 2958 ει
139 2897 271 2981 ἀγαθὸν
295 2903 433 2982 γίνεται·
463 2896 518 2962 καὶ
541 2899 660 2962 λοιπὸν
683 2896 701 2962 ὁ
724 2906 792 2961 τῶν
816 2893 906 2970 ἐκτός
929 2917 1031 2960 τινων
1055 2893 1154 2981 ἐκχω-

213 3131 245 3180 16
268 3124 389 3179 fortasse
412 3124 478 3178 hine
502 3123 622 3194 sumpsit
636 3124 770 3178 Arrianus
794 3138 867 3190 quae
885 3121 940 3191 leg.
962 3121 991 3175 in
1006 3120 1152 3174 Ench.30:

140 3195 211 3250 ἀλλὰ
229 3195 323 3266 πατὴρ
343 3194 429 3258 κακός
448 3191 512 3250 ἐστι.
546 3194 584 3265 μή
603 3215 630 3248 τι
649 3191 700 3250 οάν
718 3194 788 3264 πρὸς
810 3193 925 3263 ἀγαθὸν
943 3190 1051 3261 πατέρα
1070 3190 1154 3259 φύσει

140 3264 288 3338 ᾠνειώθης
306 3266 352 3336 (cf.
367 3267 415 3335 111,
430 3273 472 3336 24,
489 3268 548 3336 11);
567 3265 637 3320 ἀλλὰ
655 3265 725 3335 πρὸς
743 3262 859 3335 πατέρα.

140 3395 355 3403 ----.--

147 3550 152 3561 ¹
214 3475 320 3603 ›15th
342 3479 429 3532 αὐτοῦ
448 3477 480 3533 S:
500 3493 567 3533 corr.
583 3480 628 3548 8·ss
653 3483 684 3531 12
706 3471 804 3546 ἐνεργῇ
824 3475 856 3532 S:
874 3492 943 3532 οονν.
962 3491 976 3529 ε
998 3475 1007 3543 ΙΙ
1030 3481 1064 3528 24
1079 3471 1154 3545 <τὸ>
1175 3516 1180 3535 ,

140 3565 194 3603 ms.
236 3565 251 3604 ο
268 3567 301 3604 ιο.
