2630 3928
170 157 214 220 34
317 157 501 211 APPIANOT
519 157 592 209 ΤΩΝ
611 157 829 210 ΕΠΙΚΤΗΤΟΤ
846 158 1041 210 ΔΙΑΤΡΙΒΩΝ

170 320 214 403 μή
240 341 329 395 τινες
356 317 558 402 ἐμπίπτωσιν
587 327 732 384 τοιοῦτοι
763 316 852 402 νέοι,
883 319 960 402 <οῖ>
993 316 1189 400 ἐπιγνόντες

169 426 230 509 την
256 427 340 512 πρὸς
365 427 444 502 τοὺς
470 426 573 502 θεοὺς
603 422 800 508 συγγένειαν
829 422 884 490 καὶ
908 424 958 490 ὅτι
981 424 1086 508 δεσμοί
1108 447 1188 488 τινα

169 541 271 597 ταῦτα
298 533 556 617 προσηρτήμεθα
583 533 620 597 τὸ
651 542 745 616 σῶμα
772 530 827 598 καὶ
852 532 914 615 τὴν
940 539 1056 615 κτῆσιν
1079 530 1187 596 αὐτοῦ

169 635 225 702 καὶ
252 637 314 702 ὅσα
341 638 468 704 τούτων
495 637 591 703 ἕνεκα
618 636 781 720 ἀναγκαῖα
808 637 889 723 ἡμῖν
916 641 1044 720 γίνεται
1066 637 1113 713 εἰς
1135 638 1187 701 οί-

169 746 330 828 κονομίαν
362 741 417 809 καὶ
445 742 658 829 ἀναστροφὴν
688 744 749 827 τὴν
778 742 814 809 ἐν
842 751 886 831 τῷ
914 746 993 831 βίφ,
1026 743 1070 819 ὡς
1096 742 1185 828 βάρη
1221 767 1238 807 ⁵

170 850 243 915 τινὰ
272 848 327 915 καὶ
357 849 478 937 ἀνιαρδ
507 847 562 914 καὶ
591 851 737 936 ἀχρηστα
767 847 949 935 ἀπορρῖψαι
978 845 1104 914 θέλωσι
1127 847 1187 913 καὶ

116 974 149 1021 12
169 955 329 1021 ἀπελθεῖν
356 957 439 1041 πρὸς
465 957 544 1032 τοὺς
570 966 752 1038 συγγενεῖς.
797 952 853 1020 καὶ
879 963 1000 1020 τοῦτον
1028 955 1096 1019 ἔδει
1123 955 1187 1020 τὸν

168 1060 281 1144 ἀγῶνα
313 1060 535 1145 ἀγωνίζεσθαι
565 1063 625 1126 τὸν
659 1061 863 1126 διδάσκαλον
894 1060 990 1144 ὑμῶν
1021 1059 1077 1127 καὶ
1108 1073 1187 1126 πἀι-

169 1169 305 1251 δευτήν,
334 1172 368 1231 εί
385 1189 435 1243 τις
457 1167 521 1252 ἀρα
549 1161 607 1250 ἦν,
634 1167 720 1251 ὑμᾶς
749 1162 810 1251 μὲν
837 1168 993 1252 ἔρχεσθαι
1027 1165 1187 1249 λέγοντας
1310 1213 1311 1216 ¹

169 1269 361 1356 Ἕπίκτητε,
378 1271 488 1338 ούκέτι
502 1271 690 1357 ἀνεχόμεθα
709 1273 788 1356 μετά
804 1283 865 1339 τοῦ
879 1275 1047 1358 σωματίου
1061 1273 1185 1339 τούτου
1201 1299 1235 1338 ιο
1310 1355 1311 1358 ¹

168 1377 339 1464 δεδεμένοι
362 1376 417 1443 καὶ
436 1388 534 1445 τοῦτο
556 1378 733 1465 τρέφοντες
752 1377 807 1444 καὶ
825 1381 1012 1457 ποτίζοντες
1028 1377 1084 1444 καὶ
1103 1378 1186 1444 ἀνα-

166 1485 328 1562 παύουτες
361 1483 416 1550 καὶ
452 1487 686 1571 καθαίροντες,
720 1480 790 1550 εἶτα
826 1479 872 1550 δι’
908 1484 989 1550 αὐτὸ
1024 1502 1185 1570 συμπερι-
1287 1521 1296 1536 ·

116 1609 148 1657 13
167 1593 347 1677 φερόμενοι
379 1592 489 1657 τοῖσδε
521 1588 578 1656 καὶ
609 1593 730 1657 τοῖσδε.
787 1589 849 1656 ούκ
881 1589 1047 1677 ἀδιάφορα
1078 1599 1185 1656 ταῦτα

165 1695 221 1762 καὶ
251 1693 352 1764 οὐδὲν
382 1700 464 1783 πρὸς
485 1696 571 1780 ἡμᾶς
603 1695 660 1762 καὶ
689 1698 707 1763 δ
734 1698 882 1773 θάνατος
911 1697 952 1763 οὐ
982 1700 1094 1776 κακός;
1125 1697 1184 1762 καὶ

167 1814 339 1888 συγγενεῖς
361 1827 447 1881 τινες
469 1812 530 1868 τοῦ
552 1809 637 1870 θεοῦ
661 1802 760 1888 ε’σμεν
778 1802 934 1868 κάκεῖθεν
952 1802 1182 1889 ἐληλύθαμεν;
1200 1829 1232 1869 15

114 1929 147 1975 14
166 1910 248 1993 ἀφες
270 1909 355 1993 ἡμᾶς
377 1908 537 1974 ἀπελθεῖν
560 1908 643 1975 ὅθεν
666 1909 894 1995 ἐληλύθαμεν,
924 1911 1006 1994 ἀφες
1034 1914 1187 1996 λυθῆναί

166 2037 245 2081 ποτε
272 2026 339 2081 τῶν
368 2017 499 2099 δεσμῶν
527 2016 654 2081 τούτων
681 2026 748 2080 τῶν
782 2013 1012 2101 ἐξηρτημένων
1039 2014 1095 2081 καί
1121 2020 1183 2100 βοι-
1303 2015 1310 2028 ’

114 2141 147 2188 15
167 2123 328 2203 ρούυτων.
374 2120 521 2186 ἐνταῦθα
544 2119 661 2207 λησταὶ
682 2119 738 2186 καὶ
759 2121 894 2187 κλέπται
912 2120 968 2187 καὶ
985 2123 1184 2209 δικαστήρια

166 2227 221 2293 καὶ
249 2229 285 2294 ολ
310 2229 510 2312 καλούμενοι
533 2228 692 2313 τύραννοι
717 2228 893 2304 δοκοῦντες
915 2230 1003 2315 ἐχειν
1026 2230 1100 2294 τινά
1123 2227 1177 2313 ἐφ’

165 2335 245 2418 ἡμῖν
275 2332 430 2412 ἐξουσίαν
459 2333 515 2398 διά
544 2335 582 2399 τὸ
613 2333 779 2417 σωμάτιον
807 2332 863 2399 καὶ
890 2335 929 2398 τά
956 2335 1077 2400 τούτου
1105 2337 1182 2417 κτή-
1198 2364 1229 2404 εο

166 2465 260 2525 ματα.
314 2441 395 2524 ἀφες
428 2439 587 2524 δείξωμεν
622 2439 751 2523 αὐτοῖς,
788 2438 839 2505 ὅτι
876 2439 1015 2517 οὐδενὸς
1047 2443 1183 2526 ἔχουσιν

114 2565 146 2612 16
167 2545 340 2624 ἐξουσίαν’
387 2541 443 2630 ἐμὲ
471 2543 501 2609 δ’
530 2545 566 2612 ἐν
594 2547 678 2634 τῷδε
707 2543 816 2629 λέγειν
844 2545 895 2611 ὅτι
919 2546 1106 2632 “ἀνθρωποι
1131 2546 1183 2614 ἐκ·

167 2650 307 2730 δέξασθε
330 2653 389 2718 τὸν
411 2655 503 2717 θεόν.
550 2653 630 2718 ὅταν
649 2650 775 2730 ἐκεῖνος
799 2656 929 2739 σημήνῃ
951 2650 1007 2718 καὶ
1030 2652 1182 2740 ἀπολύση

166 2757 252 2842 ὑμᾶς
269 2758 390 2840 ταύτης
407 2767 464 2843 τῆς
481 2756 671 2842 ὑπηρεσίας,
690 2756 757 2824 τότ’
779 2756 1003 2824 ἀπελεύσεσθε
1021 2761 1104 2845 πρὸς
1122 2759 1182 2824 αὐ-

166 2866 239 2929 τόν·
257 2861 310 2928 ἐπὶ
325 2860 362 2928 δέ
376 2873 436 2929 τοῦ
450 2867 613 2950 παρόντος
627 2863 814 2951 ἀντίσχεσθε
834 2864 1043 2943 ἐνοικοῦντες
1055 2868 1182 2951 ταύτην
1197 2893 1227 2934 25

114 2988 146 3036 17
167 2971 228 3052 τὴν
251 2971 379 3056 χώραν,
405 2972 452 3046 είς
478 2970 521 3054 ἣν
549 2969 673 3048 ἐκεῖνος
702 2972 788 3057 ὑμᾶς
815 2971 936 3050 ἔταξεν.
982 2972 1094 3055 ὀλίγος
1117 2972 1183 3058 ἀρα

237 3151 271 3198 25
288 3161 348 3212 sqq.
373 3144 408 3199 οί.
431 3143 519 3199 Ench.
546 3151 593 3200 22:
622 3145 659 3208 ὡς
686 3146 742 3202 ὑπὸ
770 3154 820 3201 τοῦ
846 3150 920 3202 θεοῦ
947 3145 1114 3217 τεταγμένος
1141 3144 1184 3210 εἰς

164 3213 270 3282 ταύτην
288 3215 340 3284 τὴν
359 3215 460 3286 χώραν.

161 3413 176 3444 ,
238 3372 345 3447 κοῖ)
365 3373 463 3428 add.3
493 3377 503 3441 11
534 3374 708 3446 όάχρηστα]
735 3375 928 3449 ἀβάοτοικταε
959 3380 969 3445 ΙΙ
1000 3377 1185 3446 ἀπορῑψαιρ1

164 3449 198 3497 22
218 3452 269 3499 τῶι
287 3445 320 3500 S:
343 3443 468 3517 τιόκδὲ)
491 3445 521 3504 δι
538 3450 582 3508 (αῖ
599 3448 684 3514 υίά.),·
708 3447 823 3514 fortasse
849 3445 978 3520 <τού>τφ
1010 3451 1020 3517 fl
1051 3452 1085 3503 24
1108 3445 1182 3516 ἡμᾶς
1305 3495 1306 3506 ,

165 3515 198 3570 S:
217 3531 286 3571 corr.
305 3532 319 3570 s
349 3519 359 3585 ΙΙ
390 3514 581 3570 ἀπελεύσεσθε
600 3517 695 3573 Elter:
714 3517 874 3572 ἀπολόεοθε
893 3517 915 3574 S
