2626 3924
106 190 157 246 (IV,
173 194 191 246 ι,
205 188 296 239 53-61)
394 179 548 232 BIBAION
565 179 762 232 ΤΕΤΑΡΤΟΝ.
783 177 822 233 α’.
1055 177 1121 242 323

106 341 237 407 τούτων
255 347 345 425 ποιῇ,
368 340 465 424 μηπω
486 345 579 424 είπης
597 338 788 426 ἐλεύθερον,
813 339 896 405 ἀλλά
916 340 955 404 τδι
974 340 1121 425 δόγματα

107 445 211 516 αὐτοῦ
238 446 426 530 κατάμαθε,
454 449 498 531 μή
527 469 559 511 τι
587 445 791 531 ἀναγκαστά,
818 448 862 530 μη
890 470 922 511 τι
944 446 1120 529 κωλυτικά,

106 554 151 637 μη
175 576 207 617 τι
236 552 451 637 δυσροητικά·
478 551 542 617 κάν
569 551 669 638 εὕρης
695 562 865 637 τοιοῦτον,
893 551 967 636 λέγε
997 555 1121 618 δοῦλον

106 658 229 744 ἀνοχάς
258 660 377 744 ἔχοντα
408 657 445 722 ἐν
475 661 727 746 Σατορναλίοις·
761 656 850 742 λε’γε,
884 659 934 724 ὅτι
962 659 980 724 δ
1008 659 1122 744 κύριος

77 767 212 834 εαύτοῦ
234 763 411 849 ἀποδημεῖ·
439 760 471 830 εί
498 763 506 786 ’
534 763 603 848 ἥξει
629 761 696 829 καὶ·
714 765 826 850 γνώσῃ
850 755 905 829 οἷα
926 763 1054 849 πάσχει.
1078 801 1120 810 -

112 875 169 948 Τίς
190 870 276 954 ἥξεις
303 907 341 917 -
366 874 440 947 Πᾶς
464 870 499 947 ὃς
520 868 562 935 ἀν
586 867 740 947 ἐξουσίαν
763 872 821 955 ἔχη
844 880 911 934 τῶν
934 867 989 934 ὑπ’
1017 869 1121 934 αὐτοῦ
1141 890 1174 938 σο

106 1000 198 1054 τινος
219 974 413 1060 θελομένων
435 978 518 1062 πρὸς
540 977 577 1041 τὸ
604 984 817 1061 περιποιῆσαι
835 985 938 1041 ταῦτα
961 975 981 1058 ἢ
1005 973 1121 1060 ἀφελέ-

108 1089 200 1148 σθαι.
224 1119 265 1129 -
291 1083 405 1160 Οὕτως
428 1077 490 1148 οὖν
513 1084 658 1158 πολλοὺς
680 1085 819 1166 κυρίους
839 1084 972 1167 ἐχομεν;
993 1119 1031 1128 -
1055 1081 1121 1146 θῦ-

106 1213 180 1265 τως.
233 1189 272 1254 τά
306 1189 369 1275 γάρ
404 1188 577 1274 πράγματα
611 1186 794 1274 προτέρους
825 1188 952 1253 τούτων
984 1190 1122 1272 κυρίους

63 1324 92 1363 ιο
106 1297 239 1381 ἔχομεν·
263 1293 373 1361 ἐκείνα
396 1291 433 1362 δὲ
456 1293 563 1360 πολλά
586 1293 663 1359 ἐστι.
709 1295 765 1358 διὰ
788 1303 892 1360 ταῦτα
915 1293 1042 1379 ἀνάγκη
1065 1291 1122 1359 καὶ

106 1403 184 1478 τοὺς
214 1401 342 1467 τούτων
374 1403 465 1477 τινὸς
497 1403 633 1485 ἔχοντας
663 1398 818 1477 ἐξουσίαν
849 1403 987 1484 κυρίους
1019 1393 1119 1465 εἶναι·

107 1507 181 1572 ἐπεί
200 1530 252 1572 τοι
270 1504 382 1583 οὐδεὶς
400 1505 503 1570 αὐτὸν
521 1507 580 1570 τὸν
598 1507 751 1590 Καίσαρα
769 1508 932 1591 φοβεῖται,
955 1503 1039 1570 ἀλλά
1057 1506 1121 1570 θά-
1140 1525 1175 1575 60

105 1633 221 1694 νατον,
239 1613 363 1697 φυγήν,
382 1610 559 1695 ἀφαίρεσιν
576 1621 643 1675 τῶν
657 1610 776 1692 ὄντων,
795 1612 959 1694 φυλακήν,
978 1610 1120 1693 ἀτιμίαν.

107 1714 187 1784 οὐδὲ
209 1722 303 1803 φιλεῖ
323 1741 372 1794 τις
392 1719 451 1784 τὸν
470 1719 635 1803 Καίσαρα,
658 1715 700 1781 ἀν
719 1717 764 1800 μή
783 1738 814 1780 τι
833 1707 854 1801 ᾖ
873 1720 1000 1781 πολλοῦ
1020 1714 1120 1798 ἀξιος,

63 1851 92 1892 15
107 1823 191 1889 ἀλλὰ
213 1830 359 1890 πλοῦτον
382 1828 557 1907 φιλοῦμεν,
581 1823 779 1907 δημαρχίαν,
803 1823 1014 1907 στρατηγίαν,
1037 1821 1121 1886 ὑπα-

106 1933 208 1995 τείαν.
254 1930 333 1995 ὅταν
360 1938 462 1994 ταῦτα
489 1932 638 2014 φιλῶμεν
666 1925 721 1992 καί
749 1937 898 2012 μισῶμεν
925 1927 981 1992 καί
1009 1927 1120 2012 φοβώ-

106 2041 211 2120 μεθα,
241 2034 367 2119 ἀνάγκη
395 2037 473 2111 τοὺς
501 2033 655 2112 ἐξουσίαν
682 2033 793 2100 αὐτῶν
822 2035 956 2119 ἔχοντας
983 2036 1121 2117 κυρίους

106 2142 202 2226 ἡμῶν
230 2137 324 2208 εἶναι.
371 2143 426 2206 διά
453 2150 551 2206 τοῦτο
580 2140 636 2205 καὶ
660 2141 704 2216 ὡς
726 2142 829 2216 θεοὺς
850 2147 1120 2225 προσκυνοῦμεν·

107 2246 290 2332 ἐννοοῦμεν
317 2247 397 2332 γάρ,
430 2247 480 2311 ὅτι
512 2248 549 2311 τὸ
582 2249 659 2332 ἔχον
690 2245 844 2324 ἐξουσίαν
876 2254 934 2329 τῆς
965 2247 1120 2328 μεγίστης
1138 2266 1172 2314 61

63 2381 92 2422 ιο
107 2355 268 2439 ὠφελείας
289 2356 388 2419 θεῖόν
411 2352 510 2419 ε’στιν.
556 2353 588 2416 εί
610 2348 639 2417 δ’
666 2351 898 2435 ὑποτάσσομεν
919 2360 1028 2426 κακῶς
1052 2345 1120 2415 ‘od-

105 2483 164 2536 τος
186 2457 217 2524 δ’
240 2461 306 2544 ἔχει
329 2461 402 2542 [τῆς
424 2462 578 2543 μεγίστης
596 2456 770 2541 ὠφελείας·
793 2457 891 2520 θεῖόν
910 2453 1010 2519 ἐστιν.
1050 2449 1115 2533 εδδ

105 2565 338 2650 ὑποτάσσομεν
359 2575 477 2647 κακῶς,
502 2559 598 2640 οὗτος
621 2559 651 2627 δ’
674 2564 753 2647 ἔχει]
778 2569 835 2645 τῆς
857 2562 1011 2644 μεγίστης
1034 2559 1120 2644 ὠφε-

107 2676 197 2748 λείας
224 2669 407 2754 ἐξουσίαν’,
437 2669 563 2753 ἀνάγκη
591 2667 646 2734 καὶ
673 2670 710 2733 τὸ
739 2669 920 2750 γενόμενον
952 2664 984 2742 ἐξ
1009 2666 1118 2731 αὐτῶν

110 2776 329 2864 ἐπενεχθῆναι
352 2786 468 2853 κακῶς.

182 2967 296 3042 κμίχ)
316 2967 432 3040 ποιῇδ.
466 2969 476 3035 ΙΙ
512 2965 602 3020 3κάν
620 2965 807 3026 οδμλιναε.
844 2965 853 3033 ΙΙ
889 2961 1037 3034 λέχοντα]
1058 2962 1121 3030 ἤτοι

107 3037 287 3094 ἀναπνέοντα
311 3039 540 3100 &interlineas
557 3038 668 3093 addidit
711 3040 721 3102 ΙΙ
766 3035 976 3104 σατουρναλιόις
997 3034 1031 3088 S.-
1050 3050 1119 3090 σοιν.

107 3111 138 3172 δι
168 3111 178 3178 ΙΙ
212 3115 243 3164 15
263 3114 399 3180 φιλοῦμεν
416 3126 443 3165 8:
462 3111 610 3182 φοβοῦμεε
628 3107 662 3175 S;
680 3111 816 3176 φιλοῦμεν
835 3105 884 3159 καὶ
902 3104 933 3164 δι
954 3107 964 3173 ΙΙ
995 3105 1118 3159 ῦπατίαν

108 3181 140 3237 S:
157 3199 225 3236 σοιν.
245 3181 276 3243 δι
309 3183 323 3250 ss
363 3187 398 3235 20
416 3177 444 3235 εί
460 3178 487 3234 δ’
508 3181 620 3249 scripsi:
638 3175 741 3234 εῖθίὃ1
778 3179 787 3246 ΙΙ
828 3182 862 3230 21
876 3177 959 3244 verba
976 3182 1025 3244 τῆς
1043 3172 1120 3246 μεγί-

108 3269 173 3320 στης
198 3283 231 3293 -
258 3256 314 3320 (22)
348 3249 376 3305 δ’
398 3249 456 3321 ἔχει
487 3251 557 3306 male
589 3252 622 3304 ιἰι
652 3250 674 3303 S
705 3251 835 3319 νιγιιῦας
867 3247 939 3318 quod
970 3263 1032 3302 οιιιιι
1064 3263 1121 3302 νου

103 3324 286 3414 perspexisset
304 3323 351 3390 δι,
374 3324 454 3406 υενῦο
473 3319 531 3376 εἶθ’
552 3324 584 3377 ίιι
603 3318 700 3447 εθίθχάρ
718 3321 996 3445 νιαιοχχθεχχιχεχχίχ
1007 3316 1122 3443 χχδὺχοχχχχ

107 3399 609 3532 d'dddddddddddd
627 3407 794 3517 dem
813 3406 1015 3516 τοπάσαι
1045 3461 1055 3526 χ
1087 3463 1120 3512 23

108 3531 239 3601 ἐξουσίαν
258 3535 281 3591 S
298 3529 338 3604 (ἐξ
357 3538 389 3591 ία
406 3536 510 3591 maiore
527 3552 581 3591 ναε.
601 3552 620 3589 α
638 3551 672 3589 ιιι.
687 3535 744 3604 με.)
776 3535 786 3603 ΙΙ
817 3530 967 3602 γινόμενον
988 3530 1086 3585 domes

905 3618 960 3673 21*
