2636 3930
126 209 322 266 (mm—1⁵)
443 201 597 254 BIBAION
614 203 754 254 TPITON.
780 200 838 274 νβ’.
1073 201 1140 266 265

128 384 229 446 μενος
251 362 355 427 αἰτεῖν
374 359 513 447 ἀρξομαι
530 363 609 438 τοὺς
628 361 854 446 ἀπαντῶντας,
872 363 1053 448 λοιδορεῖν·
1077 362 1140 429 κάν

128 469 192 533 ῖδοι
224 467 299 532 τινὰ
332 468 637 553 δρωπακιζόμενον,
669 466 848 553 ἐπιτιμήσει
878 469 981 558 αὐτῷ,
1012 468 1075 536 κάν
1101 471 1140 536 τὸ

127 576 248 658 νόμιον
276 573 463 640 πεπλακότα
489 573 510 658 ἢ
540 573 578 640 ἐν
604 577 772 652 κοκκίνοις
797 575 1062 658 περιπατοῦντα.’
1108 577 1140 641 εἰ
1160 594 1191 643 11

127 682 283 745 τοιοῦτόν
304 702 337 744 τι
359 680 506 766 φαντάζρ
533 681 572 745 τὸ
599 690 749 767 πρᾶγμα,
776 682 906 767 μακράν
934 678 988 747 ἀπ’
1021 681 1138 749 αὐτοῦ·

98 787 173 870 εμὴ
201 782 406 871 προσέλθῃς,
434 784 535 852 οὐδέν
561 785 631 852 ἐστι
657 789 740 873 πρὸς
767 785 813 852 σί.
858 789 890 852 εἰ
916 783 946 852 δ’
974 778 1047 854 οἰόν
1070 787 1139 854 ἐστι
1160 806 1193 856 12

126 894 373 976 φανταζόμενος
391 892 452 958 οὐκ
470 891 620 972 άπαξιοῖς
637 896 789 978 σεαυτόν,
807 890 926 972 σκέψαι
939 892 1043 982 ἡλίκφ
1057 893 1140 979 πρά-

127 1021 227 1082 γματι
250 998 430 1083 ἐπιχειρεῖς.

194 1106 337 1186 Πρῶτον
360 1104 398 1171 ἐν
419 1115 489 1183 τοῖς
510 1106 592 1170 κατὰ
615 1109 738 1173 σαυτὸν
757 1103 867 1172 οὐκέτι
886 1107 941 1172 δεῖ
960 1122 997 1171 σε
1020 1105 1138 1189 δμοιον
1160 1123 1192 1174 13

126 1209 164 1275 ἐν
197 1208 311 1276 οὐδενὶ
341 1202 522 1297 φαίνεσθαι
554 1203 604 1289 οἰς
634 1222 699 1278 νῦν
725 1224 846 1296 ποιεῖς,
877 1212 919 1277 οὐ
946 1217 1016 1300 θεῷ
1045 1210 1140 1294 ἐγκα-

86 1341 113 1380 ιο
127 1320 268 1399 λοῦντα,
294 1317 357 1382 οὐκ
379 1316 561 1407 ἀνθρώπῳ·
589 1318 699 1400 ὄρεξιν
721 1313 802 1404 ἀραί
827 1335 863 1384 σε
887 1319 942 1384 δεῖ
961 1322 1140 1401 παντελῶς,

127 1424 273 1488 ἔκκλισιν
297 1419 350 1487 ἐπὶ
373 1423 459 1507 μόνα
482 1428 674 1506 μεταθεῖναι
696 1423 737 1488 τά
764 1422 989 1509 προαιρετικά·
1016 1440 1070 1489 σοι
1094 1425 1138 1507 μὴ

127 1529 234 1615 ὀργὴν
256 1523 354 1612 εἶναι,
376 1529 421 1612 μὴ
445 1537 557 1612 μῆνιν,
580 1529 623 1612 μὴ
647 1531 793 1612 φθόνον,
816 1530 859 1613 μὴ
883 1530 990 1594 ἔλεον·
1014 1530 1059 1613 μὴ
1083 1551 1138 1593 κο-

126 1634 246 1719 ράσιόν
268 1651 323 1700 σοι
344 1635 527 1718 φαίνεσθαι
549 1635 670 1716 καλόν,
694 1635 738 1718 μὴ
762 1631 931 1718 δοξάριον,
954 1634 998 1718 μὴ
1021 1633 1140 1698 παιδά-

126 1762 219 1825 ριον,
247 1741 290 1824 μὴ
313 1739 588 1824 πλακουντάριον.
634 1737 740 1804 ἐκεῖνο
768 1738 832 1822 γάρ
858 1734 985 1803 εἰδέναι
1011 1755 1048 1802 σε
1076 1739 1139 1821 δεῖ,
1159 1756 1193 1806 14

87 1867 112 1908 ιε
126 1846 178 1912 ὅτι
201 1845 237 1911 οἰ
256 1846 352 1911 ἄλλοι
375 1845 550 1930 ἄνθρωποι
573 1846 650 1921 τοὺς
672 1847 803 1928 τοίχους
820 1841 1061 1928 προβέβληνται
1084 1842 1138 1909 καί

125 1954 185 2030 τὰς
207 1951 313 2028 οἰκίας
338 1947 393 2015 καί
415 1952 453 2016 τὸ
477 1943 615 2033 σκότος,
636 1949 717 2015 ὅταν
739 1972 771 2015 τι
792 1959 861 2014 τῶν
883 1949 1043 2015 τοιούτων
1066 1969 1139 2015 ποι·
1219 1967 1223 1976 '

126 2070 225 2141 ῶσιν,
253 2055 309 2122 καί
335 2057 375 2121 τὰ
402 2056 573 2141 κράψοντα
595 2057 702 2123 πολλὰ
725 2059 868 2141 ἔχουσιν.
903 2054 1048 2122 κίκλεικε
1076 2057 1138 2140 τὴν

125 2164 250 2250 θύραν,
272 2160 408 2228 ἔστακίν
430 2185 505 2227 τινα
526 2164 592 2246 πρὸ
614 2172 675 2228 τοῦ
698 2172 869 2239 κοιτῶνος·
893 2160 949 2226 *ἀν
970 2184 1019 2239 τις
1043 2163 1138 2247 ἔλθῃ,

126 2268 201 2353 λέγε
224 2269 275 2335 ὅτι
298 2267 359 2346 ἔξω
383 2267 485 2352 ἐστίν,
512 2266 553 2332 οὐ
576 2266 746 2353 σχολάζει)
792 2268 810 2335 ὁ
834 2270 981 2345 Κυνικὸς
1004 2263 1035 2332 δ’
1061 2265 1137 2332 ἀντὶ
1159 2285 1190 2334 ισ

86 2397 112 2438 ιο
125 2375 260 2442 πάντων
293 2373 419 2459 ὀφείλει
447 2375 509 2458 τὴν
535 2375 618 2439 αἰδῶ
650 2375 914 2458 προβεβλῆσθαι·
947 2374 979 2438 εἰ
1011 2369 1048 2437 δὲ
1081 2375 1137 2456 μή,

125 2483 252 2566 γυμνὸς
282 2478 338 2545 καὶ
374 2478 412 2545 ἰν
442 2481 599 2568 ὑπαίθρφ
631 2477 862 2565 ἀσχημονήσει.
915 2485 1014 2544 τοῦτο
1050 2478 1138 2542 οἰκία

125 2585 217 2654 ἐστὶν
240 2586 345 2673 αὐτῷ,
371 2596 469 2652 τοῦτο
492 2586 599 2672 θόρα,
627 2593 726 2650 τοῦτο
755 2585 791 2650 οἰ
810 2582 864 2650 ἰπὶ
885 2593 946 2649 τοῦ
968 2592 1138 2667 κοιτῶνος,

124 2701 223 2759 τοῦτο
250 2695 375 2770 σκότος.
426 2692 503 2757 οὔτε
529 2692 592 2777 γάρ
622 2687 736 2756 θέλειν
767 2713 799 2756 τι
832 2691 887 2755 δεῖ
915 2687 1137 2775 ἀποκρύπτειν
1159 2706 1191 2756 ιο

198 2941 231 2992 10
242 2955 301 3006 sqq.
321 2937 356 2991 cf.
375 2935 461 2991 Ench.
481 2942 505 3004 2,
521 2942 550 2992 2:
571 2933 692 2991 ἔκκλισιν
710 2967 725 2976 -
738 2968 752 2976 -
764 2967 779 2976 -
797 2932 920 3005 μετάθες
940 2928 987 2988 ἐπὶ
1005 2933 1041 2988 τδι
1058 2932 1138 3003 παρὰ

125 3008 212 3078 φάσιν
234 3015 290 3063 τῶν
314 3002 362 3076 ἐφ’
387 3007 466 3078 ἡμῖν·
491 3006 542 3077 τὴν
565 3007 658 3077 ὄρεξιν
682 3007 713 3062 δὲ
735 3011 878 3069 παντελῶς
899 3035 941 3046 ··
954 3037 969 3046 -
992 3004 1082 3060 άνελε.
1105 3035 1137 3045 -

124 3081 227 3150 fragm.
241 3078 345 3132 XXVII
359 3078 407 3148 (Μ.
422 3078 487 3135 Ant.
505 3084 546 3144 11,
561 3083 618 3146 30:
639 3076 705 3147 (ἔφη
725 3074 929 3146 δἙπίκτητος)
950 3073 1066 3146 ὀρέξεως
1086 3074 1138 3145 μὲν

124 3149 306 3204 παντάπασιν
329 3147 499 3219 ἀπέχεσθαι,
526 3143 646 3204 όκκλίσει
669 3147 701 3203 δὲ
723 3147 794 3219 πρὸς
817 3147 906 3219 μηδὲν
929 3153 984 3201 τῶν
1009 3147 1060 3201 οἰικ
1087 3141 1136 3215 ἐφ’

124 3220 192 3291 ἡμῖν
210 3223 343 3291 χρῆσθαι,

197 3449 323 3524 κκαλ)
342 3449 407 3512 τοὺς
425 3447 485 3518 Πρί.
522 3449 532 3516 ss
569 3453 602 3501 10
621 3441 694 3517 ἀραί
708 3466 738 3504 σε
762 3448 851 3516 Wolf.-
874 3443 1016 3517 ἀρόσαιδ
1053 3449 1063 3515 ss
1105 3451 1138 3500 18

125 3519 242 3576 ἔσπακεν
260 3521 350 3587 Wolf:
369 3517 494 3618 {maue‘nss
509 3519 545 3587 S,·
564 3511 742 3575 ἰστακέναιε
768 3523 778 3588 ΙΙ
804 3524 839 3573 20
858 3516 929 3573 αἰδῶ
948 3516 982 3573 S:
1000 3533 1069 3573 corr.
1088 3532 1102 3572 ε
