2626 3924
118 206 169 262 (ιτ,
185 211 203 261 ι,
217 204 306 256 ιιι-το)
413 197 565 250 BIBAION
583 197 780 252 ΤΕΤΔΡΤΟΝ.
800 195 835 262 ζ’.
1069 197 1132 261 371

118 356 238 443 ίσχάδα
265 363 408 441 τιμῆσαι.
454 359 485 422 εί
512 353 548 422 δὲ
575 358 670 436 κύψω
698 354 753 422 καὶ
780 358 883 423 ἀλλον
911 355 1084 444 ἀνατρέψω
1112 358 1133 443 ἣ

117 457 174 527 ὑπ’
206 462 310 526 ἀλλον
343 461 520 547 ἀνατραπώ
552 460 607 527 καὶ
636 462 827 528 κολακεύσω
854 465 934 541 τοὺς
960 463 1135 547 εἰσιόντας,

118 568 180 634 οὐκ
203 565 277 645 ἀξία
300 563 368 634 οὔτ’
398 569 491 653 ίσχάς
513 564 583 634 οὔτ’
605 569 686 634 ἀλλο
710 591 741 634 τι
764 578 831 634 τῶν
855 568 916 634 οὐκ
939 567 1090 654 ἀγαθών,
1113 571 1134 636 ἀ

116 697 156 759 με
176 673 435 740 ἀναπεπείκασιν
453 675 489 741 οί
504 677 685 760 φιλόσοφοι
704 676 750 760 μη
771 676 883 740 δοκεῖν
906 673 1019 758 ἀγαθδι
1038 670 1133 742 εἶναι.

88 805 102 844 5
182 778 330 846 Δείκνυί
349 804 406 865 μοι
428 782 486 858 τὰς
507 783 668 868 μαχαίρας
690 791 756 846 τών
782 781 993 868 δορυφόρων.
1031 781 1131 867 “ίδοῦ,
1150 797 1186 846 κο

115 887 227 970 ἡλίκαι
254 883 319 952 scaz
346 883 402 951 καὶ
428 897 499 964 πώς
526 885 648 964 ὀξεῖαι.’
694 889 730 951 τί
758 880 820 952 οὖν
843 895 998 952 ποιοῦσιν
1021 887 1059 951 αί
1077 910 1134 972 με-

117 993 214 1075 γάλαι
251 987 347 1058 αὗται
383 992 540 1078 μάχαιραι
576 989 631 1058 καί
668 990 785 1071 ὀξείαις
829 990 1131 1058 (ἀποκτιννύουσιῖ

116 1100 256 1185 πυρετὸς
274 1094 311 1164 δὲ
330 1101 365 1164 τί
379 1110 481 1177 ποιεῖ;
501 1098 594 1165 ἀλλο
614 1095 735 1172 οὐδέν’
770 1095 906 1183 κεραμὶς
924 1094 962 1164 δὲ
980 1101 1015 1163 τί
1029 1110 1131 1179 ποιεῖς
1150 1116 1185 1165 26

116 1203 209 1270 ‘imo
232 1202 355 1272 οὐδέν’
400 1202 511 1282 θέλεις
538 1200 601 1271 οὖν
628 1206 736 1272 πάντα
764 1214 866 1271 ταῦτα
893 1205 1052 1287 θαυμάζω
1076 1204 1132 1271 καὶ

73 1336 102 1374 ιο
114 1320 292 1394 προσκυνῶ
311 1307 366 1376 καὶ
384 1312 506 1388 δοῦλος
522 1311 657 1378 πάντων
671 1309 906 1399 περιέρχωμαις
926 1313 970 1395 μη
986 1308 1130 1394 γένοιτο·
1150 1327 1183 1377 2⁷

115 1413 188 1483 ἀλλ’
209 1415 294 1495 ἅπαξ
313 1418 444 1502 μαθών,
468 1417 574 1484 ὅτιτὸ
593 1420 776 1502 γενόμενον
797 1415 852 1484 καὶ
875 1423 1049 1504 φθαρῆναι
1068 1419 1132 1503 δεῖ,

115 1524 171 1589 ἵνα
203 1524 221 1590 ὁ
253 1527 376 1608 κόσμος
408 1524 452 1607 μὴ
482 1525 610 1607 ἵστηται
642 1521 719 1607 μηδ’
757 1522 983 1607 ἐμποδίζηται,
1021 1522 1132 1590 οὐκέτι

116 1625 325 1716 διαφέρομαι,
344 1632 486 1715 πότερον
506 1631 647 1716 πυρετὸς
665 1629 746 1694 αὐτὸ
765 1631 896 1712 ποιήσει
918 1627 937 1711 ἢ
957 1626 1092 1713 κεραμὶς
1110 1629 1131 1713 ἣ

116 1737 326 1820 στρατιώτης,
344 1732 416 1802 ἀλλ’
439 1737 471 1801 εί
488 1738 542 1802 δεῖ
558 1745 745 1821 συγκρῖναι,
764 1729 828 1798 οἷδ’
848 1733 899 1798 ὅτι
917 1732 1130 1821 ἀπονώτερον

73 1864 100 1904 15
115 1841 195 1907 αὐτὸ
217 1838 272 1908 καλ
295 1842 474 1927 ταχύτερον
503 1842 521 1910 ὁ
553 1841 752 1926 στρατιώτης
778 1842 917 1923 ποιήσει.
964 1838 1044 1904 ὅταν
1067 1833 1130 1905 οὖν
1149 1856 1184 1906 28

114 1948 194 2032 μήτε
222 1951 380 2034 φοβώμαί
403 1971 435 2012 τι
462 1941 510 2015 διν
538 1945 711 2012 διαθεῖναί
734 1969 774 2030 με
798 1945 937 2010 δύναται
961 1941 1034 2029 μήτ’
1062 1943 1130 2010 ἐπι-

114 2060 213 2138 θυμῶ
237 2077 328 2130 τινος
344 2047 398 2124 ,ών
420 2065 614 2140 παρασχεῖν,
644 2054 681 2118 τί
700 2055 747 2118 ἔτι
769 2051 928 2136 θαυμάζω
952 2050 1071 2136 αὐτόν,
1098 2055 1134 2118 τί

114 2162 162 2226 ἔτι
183 2158 328 2243 τίθηπας
355 2162 391 2226 τί
410 2163 580 2245 φοβοῦμαι
601 2161 680 2236 τοὺς
696 2160 928 2245 δορυφόρους
960 2160 994 2223 τί
1014 2161 1130 2245 χαίρω,

114 2267 156 2332 ἀν
183 2290 240 2351 μοι
267 2268 514 2353 φιλανθρώπως
543 2268 670 2351 λαληση
693 2261 748 2329 καὶ
771 2262 972 2347 ἀποδίξηταί
991 2287 1048 2348 με,
1074 2262 1129 2329 καί

73 2395 100 2434 ιο
115 2374 228 2450 ἀλλοις
246 2374 436 2457 διηγοῦμαι,
454 2382 524 2449 πῶς
542 2396 599 2456 μοι
617 2371 791 2454 ἐλάλησεν,
809 2371 853 2453 μὴ
873 2369 936 2456 γδρ
951 2370 1130 2454 Σωκράτης
1148 2385 1182 2435 29

115 2477 195 2563 ἐστί,
218 2479 262 2563 μὴ
286 2480 349 2563 γὰρ
368 2477 545 2562 Διογένης,
568 2475 611 2544 ἵν’
638 2477 656 2544 ὁ
680 2478 814 2552 ἔπαινος
837 2474 941 2540 αὐτοῦ
964 2473 1130 2553 ἀπόδειξις

113 2578 135 2670 ᾖ
162 2582 238 2670 περὶ
265 2583 360 2669 ἐμοῦ;
388 2586 434 2669 μὴ
462 2585 526 2668 γὰρ
553 2584 591 2650 τὸ
614 2578 699 2667 ἦθος
726 2580 871 2665 ἐζήλωκα
893 2579 1011 2658 αιἰτοῦ;
1044 2578 1128 2646 ἀλλά
1146 2596 1187 2646 30·

113 2692 174 2774 τὴν
197 2692 334 2758 παιδιὰν
357 2686 471 2779 σώζων
495 2692 631 2776 ἔρχομαι
653 2691 736 2773 πρὸς
764 2685 866 2752 αὐτὸν
888 2683 943 2750 καὶ
966 2685 1128 2773 ὑπηρετῶ,
1198 2677 1201 2684 ’

114 2793 227 2882 μέχρις
244 2795 287 2864 δυ
305 2797 385 2863 ὅτου
403 2792 508 2882 μηδὲν
522 2793 700 2882 ἀβέλτερον
713 2794 832 2879 κελεώη
846 2791 923 2878 μηδ’
941 2793 1129 2877 ἀρρυθμον.

73 2923 100 2964 ιτ
115 2901 157 2968 ἀν
180 2900 220 2968 δέ
240 2927 297 2986 μοι
319 2900 399 2989 λέγη
422 2902 559 2968 είίιτελθε
583 2899 636 2970 ἐπὶ
659 2899 790 2967 Λέοντα
812 2901 872 2965 τὸν
894 2898 1128 2983 Σαλαμίνιον,

184 3117 219 3168 2⁶
231 3129 271 3181 sq.
291 3113 324 3170 οῖ.
344 3128 416 3182 quae
435 3113 500 3169 adn.
519 3111 557 3166 ad
574 3109 622 3178 IV,
639 3077 738 3179 1,1οό.

114 3227 327 3234 --—..-—.——..

185 3289 318 3360 Ικρώιγω
337 3289 371 3346 S:
390 3307 459 3346 corr.
484 3289 564 3356 Wolf
594 3289 604 3356 ΙΙ
641 3282 910 3342 ’ίάποκτειννώουσι
928 3283 963 3339 S:
977 3300 1046 3340 corr.
1065 3283 1094 3343 δ,
1108 3284 1125 3354 λλ

113 3366 146 3416 10
165 3361 348 3432 περιέρχομαι
367 3360 400 3417 S:
423 3377 492 3417 συντ.
512 3360 540 3420 80
579 3359 589 3428 fl
629 3355 817 3411 κυκλεῖται
841 3350 1003 3424 ἒμαντὸνδ
1040 3356 1049 3424 ΙΙ
1090 3360 1125 3408 24

111 3445 210 3555 ἀριθμ.
235 3484 267 3540 S:
290 3501 359 3541 ιοντ.
388 3486 435 3551 Se,
462 3489 629 3550 ιοννιιῖιινιι,
653 3496 734 3550 quam
763 3482 845 3534 ακῖεα
873 3477 904 3538 δι
933 3477 1126 3546 ποίειγίγνεται,

111 3573 190 3612 erasa
221 3557 231 3624 ll
263 3559 296 3610 25
316 3561 410 3610 αῖιαυι
428 3553 465 3609 διν
483 3572 522 3610 an
540 3550 591 3609 ἐὰν
609 3555 641 3609 ῖκ
659 3550 682 3608 S
698 3551 812 3623 λιραῖατ,
830 3549 965 3606 incertum

909 3636 965 3691 24*
