2626 3924
149 227 201 285 (ιτ,
214 232 233 284 ι,
244 230 317 282 ιι-ι,
326 225 361 277 11)
416 216 570 269 ΒΙΒΛΙΟΝ
587 217 782 271 ΤΕΤΔΡΓΟΝ.
801 216 840 285 γ’.
860 216 900 272 δ’.
1096 218 1162 281 347

149 376 411 461 ἀναγιγνώσκειν
433 376 570 462 εὔροιαν
588 378 632 461 μὴ
655 386 823 463 περιποιῇ,
844 380 880 443 τί
900 379 1020 463 ὄφελος
1042 378 1160 458 αὐτοῦς

151 519 190 531 -
207 479 305 547 Ἀλλά
328 491 502 568 περιποιεῖ,
525 485 640 568 φησίν,
662 481 718 548 καὶ
737 484 793 549 διά
811 493 909 551 τοῦτο
928 483 1100 568 ἀγανακτῶ
1117 485 1162 563 ὡς
1181 501 1197 551 5

148 588 407 673 ἀπολειπόμενος
435 587 548 653 αὐτοῦ.
575 624 613 635 -
638 585 706 654 Καὶ
736 593 785 666 τίς
812 589 894 673 αὔτη
917 589 938 673 ἡ
961 591 1092 676 εὔροια,
1119 590 1163 674 ἣν

148 694 300 780 δτνχδον
324 692 499 778 ἐμποδίσαι
523 692 679 778 δύναται,
709 693 750 760 οὐ
773 692 858 779 λέγω
882 696 1013 780 Καῖσαρ
1036 695 1057 779 ἣ
1080 698 1163 761 Καί-

123 816 250 886 ισαρος
281 803 395 885 φίλος,
427 798 510 864 ἀλλά
541 798 664 886 κόραξ,
701 800 859 885 αὐλητής,
890 804 1046 887 πυρετός,
1078 802 1162 866 ἀλλα

147 907 338 993 τρισμύριας
367 905 388 989 ἡ
417 902 447 969 δ’
474 905 589 989 εὔροια
617 902 718 973 οὐδέν
745 905 850 984 οὔτως
873 909 939 992 ἔχει
962 908 1007 984 ὡς
1028 908 1066 972 τὸ
1090 907 1162 991 διη-

147 1007 241 1089 νεκές
271 1009 326 1077 καλ
359 1010 611 1094 ἀνεμπόδιστον.
662 1021 727 1078 νῦν
759 1017 922 1097 καλοῦμαι
953 1011 1088 1098 πράξων
1118 1031 1197 1096 τι,ε

148 1117 261 1201 ἀπειμι
287 1126 352 1182 νῦν
378 1116 548 1204 προσέξων
575 1128 645 1195 τοῖς
671 1114 801 1204 μέτροις
828 1118 849 1183 ἀ
877 1119 930 1184 δεῖ
953 1128 1082 1204 τηρεῖν,
1110 1118 1162 1183 ότι

147 1223 353 1307 αἰδημόνως,
376 1223 426 1288 ὅτι
449 1222 621 1308 ἀσφαλῶς,
644 1223 695 1288 ὅτι
719 1225 794 1308 δίχα
818 1221 956 1308 ὀρέξεως
977 1221 1033 1289 καὶ
1056 1222 1161 1288 ἐκκλί-

106 1345 231 1405 10681119
252 1336 309 1411 τῆς
330 1329 413 1413 πρὸς
435 1329 475 1393 τά
498 1326 600 1412 ἐκτός,
623 1325 679 1394 καὶ
701 1329 819 1395 λοιπὸν
837 1326 988 1415 προσέχω
1011 1339 1081 1406 τοῖς
1103 1327 1196 1394 τὶν-ἰ

145 1434 306 1520 θρώποις,
329 1435 403 1498 τίνα
425 1436 519 1518 φασί,
541 1444 611 1510 πῶς
632 1443 817 1517 κινοῦνται,
840 1432 895 1499 καί
918 1443 1016 1500 τοῦτο
1039 1433 1081 1500 οὐ
1103 1458 1161 1499 κα-

146 1541 279 1622 κοήθως
306 1535 378 1605 οὐδ’
411 1539 467 1605 ἵνα
495 1541 557 1625 ἔχω
585 1537 701 1622 ψέγειν
733 1538 754 1622 ἢ
785 1544 969 1623 καταγελῶ,
1001 1535 1072 1604 ἀλλ’
1105 1536 1155 1604 ἐπ’

146 1642 289 1729 ἐμαυτὸν
311 1642 513 1731 έπιστρέφω,
543 1645 575 1709 εί
599 1644 702 1710 ταύτά
728 1642 819 1728 κάγὼ
847 1642 1034 1730 ἁμαρτάνω.
1080 1643 1161 1720 ετοῖς

145 1743 209 1814 οὖν
226 1750 409 1834 παύσομαι;
427 1752 500 1816 τότε
518 1747 573 1815 καὶ
591 1748 655 1834 ἐγὼ
674 1748 877 1834 ἡμάρτανον·
901 1757 965 1814 νῦν
985 1746 1016 1814 δ’
1037 1747 1159 1833 οὐκέτι,

106 1877 132 1918 15
145 1853 240 1941 χάρις
260 1862 306 1942 τῷ
327 1855 420 1942 θεῷῖ

204 1957 294 2044 Ἄγε,
325 1966 428 2025 ταῦτα
459 1964 599 2046 ποιήσας
629 1946 685 2024 καὶ
717 1961 800 2046 πρὸς
826 1958 955 2036 τούτοις
981 1961 1195 2043 γενόμενοςε

144 2075 257 2151 χεῖρον
281 2067 381 2150 έργον
403 2070 583 2151 πεποίηκας
604 2064 626 2149 ἣ
648 2069 776 2150 χιλίους
799 2068 930 2151 στίχους
953 2064 1159 2148 ἀναγνοὺςῆ

145 2171 275 2256 γράψας
297 2171 420 2248 ἀλλους
441 2173 634 2249 τοσοῦτους;
658 2170 737 2236 όταν
760 2171 824 2257 γάρ
845 2168 973 2256 έσθίχς,
995 2171 1085 2256 ἀχθχ
1108 2170 1160 2236 ὅτι

146 2277 190 2360 μὴ
221 2275 496 2360 ἀναγιγνώσκεις;
530 2275 592 2342 οὔκ
619 2274 702 2360 ἀρνῇ
730 2284 776 2363 τῷ
808 2273 885 2340 καθ’
917 2275 938 2340 ἀ
970 2273 1159 2358 ἀνέγνωκας

105 2404 133 2444 ιο
146 2380 287 2460 έσθίεινς
321 2381 402 2446 ὅταν
428 2381 526 2467 λοῦχς
561 2380 641 2446 όταν
672 2381 833 2466 γνμνάζγς
868 2380 924 2445 διά
955 2383 991 2444 τί
1015 2376 1078 2446 οὖν
1105 2378 1193 2449 έπλε

145 2487 280 2554 πόντων
302 2486 364 2572 οὐχ
387 2487 565 2570 ὁμαλίζεις,
592 2482 648 2551 καὶ
671 2485 751 2550 ὅταν
774 2488 919 2571 Καίσαρι
941 2487 1081 2570 προσίῃς
1102 2483 1158 2549 καλ

146 2593 226 2658 ὅταν
253 2602 297 2681 τῷ
327 2595 428 2672 δεῖνις
460 2594 492 2657 εί
517 2594 576 2658 τὸν
604 2590 717 2675 ἀπαθῆ
739 2601 865 2675 τηρεῖς,
896 2591 928 2654 εί
953 2591 1013 2655 τὸν
1039 2589 1158 2656 ἀκατά-
1177 2609 1211 2659 1ο

145 2703 302 2783 πληκτον,
324 2701 357 2764 εί
377 2700 437 2764 τὸν
460 2694 733 2781 κατεσταλμένον,
763 2698 794 2761 εί
815 2693 947 2780 βλέπεις
968 2699 1096 2780 μᾶλλον
1117 2697 1158 2762 τά

145 2806 304 2888 γινόμενα
327 2803 348 2888 ἢ
372 2801 487 2890 βλέπῃ,
512 2805 544 2868 εί
564 2805 609 2888 με)
632 2808 773 2888 φθονεῖς
795 2811 864 2878 τοῖς
885 2798 1157 2888 προτιμωμένοις,

106 2929 133 2970 ιι
146 2911 177 2974 εί
199 2911 243 2994 μὴ
267 2908 510 2993 έιωιλιλσσονσίν
532 2923 569 2974 σε
593 2908 631 2972 ιιί
650 2902 740 2990 ὗλαι,
762 2909 797 2972 τί
813 2922 866 2972 σοι
884 2908 1003 2986 λείπεις
1027 2909 1155 2991 βιβλίας

146 3024 215 3090 πῶς
240 3012 261 3096 ἢ
290 3011 343 3078 ἐπὶ
369 3017 414 3094 τίς
443 3012 518 3101 οὐχί
544 3015 608 3099 γὰρ
637 3011 690 3078 ἐπὶ
712 3013 750 3078 τὸ
773 3016 872 3097 βιοῦν
894 3016 1084 3099 παρασκευή
1107 3017 1157 3091 τίς
1177 3032 1209 3080 11

218 3281 232 3330 1
259 3281 405 3346 περιποιεῖ
426 3274 459 3337 ὃς
501 3277 511 3345 ΙΙ
556 3270 734 3343 8προοέξων
762 3272 808 3335 ἃς
834 3287 982 3342 προσήκω*
1010 3272 1033 3328 S
1071 3275 1081 3344 Ι
1123 3279 1155 3328 11

146 3345 300 3401 κϊνοάντων
315 3345 372 3413 8(ῖ
385 3348 418 3401 in
432 3362 487 3402 ras.
502 3346 622 3401 duarum
640 3345 693 3400 litt.
707 3345 746 3414 ἃ)
769 3346 779 3414 ΙΙ
802 3348 835 3397 12
855 3347 1012 3414 καταγελᾶν
1031 3343 1060 3404 ὃς
1082 3346 1099 3468 χ
1123 3349 1156 3398 13

146 3413 257 3488 έπιοτρέ
282 3436 322 3470 ων
341 3417 424 3473 Sem).
451 3418 461 3486 ΙΙ
487 3423 575 3471 ταῦτα
594 3415 627 3470 S:
645 3432 714 3471 corr.
732 3433 768 3470 m.
786 3431 838 3471 κιο,
865 3417 874 3486 λλ
901 3412 1062 3485 ἁμαρτάνω,
1098 3433 1157 3477 πως

146 3484 197 3614 οθδν
215 3436 359 3559 ποιῦσομαι
383 3487 504 3545 Gatalcer
529 3485 690 3558 (παύσωμαι
710 3485 818 3556 Corace)
858 3487 868 3556 {l
908 3491 942 3541 25
968 3479 1157 3554 ἔκπλήσσωοι*

171 3580 179 3612 .·
197 3574 265 3614 corr·
284 3574 297 3614 8
