2636 3930
174 189 240 253 266
320 191 503 242 APPIANOT
521 190 595 242 ΤΩΝ
613 187 829 240 ΕΠΙΚΤΗΤΟΤ
847 187 1041 238 ΔΙΑΤΡΙΒΩΝ

171 351 273 416 αὐτὸν
296 360 362 415 τῶν
386 347 514 415 ἑαυτοῦ.
560 351 591 414 εί
613 345 650 414 δὲ
673 351 733 432 μή,
761 346 928 431 ἀπῆλθεν,
955 346 1102 412 ἀπώλεσε
1125 349 1192 413 τὸν

172 459 333 540 Κυνικόν,
356 458 416 522 τὸν
433 455 613 542 ὕπαιθρον,
635 457 696 521 τὸν
715 454 909 540 ἐλεύθερον·
933 449 1052 541 ἦρκταί
1066 477 1098 518 τι
1117 464 1190 518 τῶν

172 561 263 638 ἐκτὸς
277 565 469 646 φοβεῖσθαι,
487 557 603 647 ἦρκται
622 563 737 646 χρείαν
751 563 839 645 ἔχειν
853 568 912 625 τοῦ
932 559 1191 645 ἀποκρύψοντος

172 669 213 733 ού
232 689 266 732 τε
289 668 369 733 ὅταν
387 666 471 754 θέλη
491 669 639 732 δύναται.
677 676 743 732 ποῦ
763 667 827 752 γάρ
847 665 949 732 αὑτὸν
968 665 1144 751 ἀποκρύψῃ
1166 667 1189 750 ἣ

121 792 153 842 17
172 785 254 852 πῶς;
279 772 321 838 ἀν
345 767 376 838 δ’
403 772 466 838 ἀπὸ
496 775 596 859 τύχης
620 772 743 858 ἐμπέσῃ
770 772 789 839 ὁ
816 772 994 857 παιδευτὴς
1019 773 1037 838 δ
1062 775 1190 855 κοινός,
1218 791 1234 832 ε
1305 797 1306 874 η

121 898 153 946 18
173 880 191 944 ὁ
213 881 437 964 παιδαγωγός,
462 871 516 946 οἷα
538 879 676 964 πάσχειν
699 877 840 963 ἀνάγκης
869 875 960 943 ταῦτ’
987 872 1048 943 οὖν
1077 879 1190 942 δεδοι-
1305 903 1306 960 j

172 989 252 1052 κότα
276 984 470 1071 ίπιθαρρεῖν
493 976 566 1050 οἷόν
589 983 618 1049 τ’
640 987 687 1050 ἔτι
706 983 738 1064 ἐξ
763 984 841 1069 ὅλης
859 992 977 1069 ψυχῆς,
1001 983 1190 1048 ἐπιστατεῖν

121 1111 153 1158 19
173 1103 243 1168 τοῖς
265 1093 378 1168 ἀλλοις
401 1090 605 1175 ἀνθρώποις;
631 1089 812 1175 ἀμήχανον,
835 1089 1012 1156 ἀδύνατον.
1052 1100 1191 1176 πρῶτον

173 1192 236 1262 οὖν
258 1199 295 1262 τὸ
319 1196 518 1280 ἡγεμονικόν
539 1212 575 1260 σε
599 1198 653 1261 δεῖ
673 1199 710 1262 τὸ
730 1206 854 1262 σαυτοῦ
876 1197 1028 1281 καθαρὸν
1050 1205 1190 1280 ποιῆσαι

120 1320 154 1368 20
174 1300 229 1366 καί
252 1301 313 1384 τὴν
336 1304 490 1366 ἔνστασιν
513 1304 649 1386 ταύτην·
677 1302 752 1367 ’νῦν
776 1301 850 1386 ἐμοὶ
876 1302 939 1386 ύλη
968 1299 1059 1367 ἐστὶν
1080 1302 1100 1385 ἡ
1125 1301 1188 1386 ἐμὴ
1204 1325 1232 1364 ιο

175 1406 318 1492 διάνοια,
341 1408 385 1484 ὡς
407 1416 452 1495 τῷ
472 1406 600 1474 τέκτονι
622 1409 663 1473 τὰ
681 1407 775 1493 ξύλα,
798 1409 843 1486 ὡς
860 1417 905 1495 τςῦ
924 1420 1038 1474 σκυτεῖ
1053 1409 1093 1473 τά
1112 1407 1190 1493 δέρ-

121 1532 155 1580 21
175 1533 272 1597 ματα
297 1514 396 1598 ἔργον
420 1510 451 1577 δ’
477 1513 564 1600 ὀρθὴ
588 1523 703 1600 χρῆσις
724 1524 792 1579 τῶν
815 1524 1017 1599 φαντασιῶν.
1062 1516 1099 1579 τὸ
1124 1532 1190 1579 σοι·
1306 1503 1307 1530 ³

176 1619 294 1702 μάτιον
314 1615 351 1684 δὲ
374 1615 475 1685 οὐδὲν
492 1622 575 1706 πρὸς
594 1619 664 1704 ἐμέ·
687 1621 727 1685 τά
746 1621 866 1686 τούτου
885 1618 967 1705 με’ρη
987 1615 1088 1685 οὐδὲν
1104 1622 1191 1706 πρὸς
1306 1703 1307 1706 ¹

175 1722 239 1808 ἐμέ.
284 1725 444 1804 θάνατος;
470 1724 617 1811 ἐρχέσθω
641 1725 721 1790 ὅταν
743 1724 828 1812 θὲλη
851 1731 916 1790 είτε
939 1724 1020 1791 ὅλου
1043 1731 1108 1790 είτε
1132 1725 1189 1810 με’-

122 1849 155 1897 22
178 1855 259 1915 ρους
280 1835 378 1910 τινός.
424 1834 530 1916 φυγής
553 1829 608 1897 καὶ
631 1842 697 1897 ποῦ
721 1831 864 1896 δύναταί
883 1855 931 1908 τις
955 1829 1107 1915 ἐκβαλεῖν
1125 1831 1188 1910 ἔξω
1205 1852 1229 1892 ιε

174 1945 234 2001 τοῦ
261 1938 403 2020 κόσμους
431 1935 472 2001 οὐ
503 1937 651 2001 δύναται.
701 1937 785 2002 ὅπου
814 1933 845 2001 δ’
877 1935 919 2002 ἀν
946 1935 1094 2022 ἀπέλθω,
1122 1937 1193 2003 ἐκεῖ
1306 1968 1308 2006 ι

175 2042 284 2124 ἥλιος,
315 2039 383 2105 ἐκεῖ
404 2042 540 2125 σελήνη,
573 2040 642 2107 ε’κεῖ
666 2043 784 2127 άστρα,
816 2042 971 2127 ἐνύπνια,
1004 2044 1135 2128 οίωνοί,
1166 2044 1188 2127 ἡ

176 2148 259 2230 πρὸς
280 2149 383 2224 θεοὺς
405 2147 538 2231 δμιλία.’

123 2271 156 2319 23
242 2247 322 2318 Εἶθ’
350 2253 436 2319 οὕτω
458 2255 775 2339 παρασκευσάμενον
797 2255 860 2321 οὐκ
887 2257 956 2320 ἔστι
978 2257 1109 2332 τούτοις
1131 2253 1189 2341 ἀρ-

175 2364 308 2423 κεῖσθαι
330 2362 390 2425 τὸν
412 2370 483 2437 ταῖς
505 2360 678 2445 ἀληθείαις
700 2362 862 2443 Κυνικόν,
885 2358 957 2425 ἀλλ’
980 2359 1105 2426 είδίναι
1125 2362 1188 2445 δεῖ,
1203 2383 1230 2423 ει

176 2465 226 2530 ὅτι
249 2466 388 2549 ἄγγελος
415 2463 479 2531 ἀπὸ
507 2475 567 2532 τοῦ
589 2467 674 2544 Διὸς
696 2465 893 2531 ἀπέσταλται
922 2464 978 2532 καὶ
1004 2468 1088 2552 πρὸς
1109 2471 1188 2544 τοὺς

87 2621 89 2626 .
176 2570 377 2656 ἀνθρώπους
393 2570 469 2657 περὶ
492 2571 630 2654 ἀγαθῶν
648 2570 703 2638 καί
721 2583 833 2636 κακῶν
855 2571 1042 2650 ὑποδείξειν
1064 2573 1188 2656 αὐτοῖς,

176 2676 227 2740 ὅτι
249 2676 473 2760 πεπλάνηνται
495 2675 552 2743 καὶ
574 2676 719 2764 ἀλλαχοῦ
744 2680 876 2762 ζητοῦσι
898 2680 960 2763 τὴν
986 2679 1104 2744 ούσίαν
1126 2689 1188 2745 τοῦ

177 2780 309 2863 ἀγαθοῦ
331 2780 386 2847 καί
409 2793 469 2849 τοῦ
491 2795 596 2850 κακοῦ
619 2784 703 2850 ὅπου
727 2783 788 2850 οὐκ
811 2787 914 2869 ἔστιν,
936 2785 1020 2851 ὅπου
1045 2784 1075 2850 δ’
1097 2788 1187 2851 ἔστιν

124 2906 158 2954 24
177 2885 239 2952 οὐκ
266 2886 508 2973 ἐνθυμοῦνται,
535 2886 590 2955 καὶ
617 2891 662 2967 ὡς
689 2889 707 2956 ὁ
729 2889 897 2976 Διογένης
924 2888 1085 2976 ἀπαχθεὶς
1106 2894 1188 2978 πρὸς
1202 2910 1228 2950 ιι

178 2995 347 3059 Φίλιππον
374 2995 454 3078 μετά
481 2997 543 3080 την
573 2995 609 3061 ἐν
640 3000 827 3085 Χαιριονείηι
855 2997 962 3083 μάχην
984 2997 1189 3074 κατάσκοπος
1304 3069 1308 3092 4

176 3095 272 3165 εἶναι.
317 3109 362 3189 τῶ
390 3101 453 3187 γάρ
483 3103 554 3167 ὄντι
576 3103 782 3180 κατάσκοπός
804 3102 895 3169 ἐστιν
919 3104 937 3170 ὁ
959 3105 1106 3180 Κυνικὸς
1129 3112 1188 3169 τοῦ

124 3224 158 3272 κο
177 3209 251 3270 τίνα
274 3204 344 3272 ἐστὶ
366 3218 435 3285 τοῖς
458 3207 651 3294 ἀνθρώποις
673 3212 754 3293 φίλα
772 3206 827 3273 καί
847 3213 921 3274 τίνα
942 3207 1095 3293 πολέμια.
1131 3205 1187 3273 καὶ

250 3461 364 3529 agnae
382 3465 417 3521 S.-
439 3483 508 3522 corr.
532 3469 612 3537 Wolf
643 3471 653 3537 11
689 3473 721 3521 15
741 3467 830 3537 φυγάς
859 3467 933 3540 Upt.:
957 3469 1084 3539 φεῦγεδ
1112 3472 1122 3540 ΙΙ
1154 3476 1187 3523 21

178 3533 228 3589 κοιλ
246 3537 296 3592 ἀτί.
316 3553 344 3605 8,·
363 3535 411 3590 καλ
430 3535 560 3609 <κήρυξ>
578 3538 648 3608 πρὸς
665 3537 750 3594 δελετο.
