2630 3928
177 215 220 278 28
319 216 503 268 Αεεωυον
521 215 596 269 νεα
613 198 1045 269 εατκνααουατετετααα

179 377 398 442 δανείσασθαι
420 379 504 464 πρὸς
526 380 564 443 τὸ
588 379 636 443 ἔτι
659 377 819 462 ὀφείλειν,
842 377 925 443 ἀλλά
945 377 999 442 δεῖ
1013 384 1190 462 προσεῖναι

177 480 232 548 καὶ
255 485 292 548 τὸ
316 480 483 568 ἐπιμένειν
506 482 560 549 ε’πλ
583 493 642 549 τοῦ
666 484 803 549 δανείου
821 481 877 548 καὶ
900 484 944 567 μή
968 483 1190 573 διαλελύσθαι

179 589 275 672 αὐτό,
308 589 412 666 οὕτως
442 589 502 655 οὐκ
530 589 625 675 ἀρκεῖ
649 593 731 677 πρὸς
758 592 796 655 τὸ
825 591 896 655 δεῖν
918 600 1127 674 παραχωρεῖν
1149 591 1189 654 τὸ

179 695 434 782 ἐπιφερόμενον,
461 698 498 761 τὸ
527 695 708 762 δεδωκέναι
731 697 770 761 τά
793 700 959 781 λήμματα,
987 697 1041 761 δεῖ
1061 693 1090 760 δ’
1119 693 1190 760 ἐπι-

127 819 159 867 17
178 801 290 885 μένειν
314 801 367 867 ἐπὶ
389 811 447 886 τῆς
473 805 736 889 παραχωρήσεως
763 802 882 868 αὐτῶν.
927 800 982 867 καὶ
1005 804 1047 887 δή
1070 805 1190 886 μενόν-
1222 821 1237 861 ⁵
1309 801 1310 834 ³

178 932 245 974 των
277 905 338 993 μὲν
370 909 481 975 αὐτῶν
514 912 561 986 είς
592 908 684 986 τέλος
716 909 813 976 ὁποῖα
844 912 1065 996 παρεχωρήθη
1101 917 1192 973 πᾶσα

179 1014 306 1099 ἀνάγκη
328 1017 413 1101 ήμᾶς
436 1014 489 1081 ἐπὶ
511 1026 568 1101 τῆς
589 1019 852 1103 παραχωρήσεως
880 1014 1046 1100 ἐπιμένειν
1073 1012 1128 1080 καὶ
1152 1017 1191 1080 τὸ

75 1141 116 1202 18,
131 1138 163 1187 19
178 1121 369 1187 ἀκόλουθον
388 1119 500 1199 αὐτοῖς
516 1111 761 1209 προσδέχεσθαι
776 1172 858 1189 .....
876 1119 957 1188 οὐδὲ
970 1124 1033 1209 γάρ
1047 1122 1127 1207 ἡμῖν
1143 1123 1192 1186 ἔτι

180 1223 258 1293 οὐδὲ
295 1227 373 1292 καθ’
408 1229 492 1313 ήμάς
525 1233 699 1315 συμβαίνει
732 1239 831 1295 τοῦτο
868 1231 906 1294 τὸ
939 1228 1193 1314 ἐπιφερόμενον,

181 1333 293 1419 έπειδή
325 1345 384 1420 τῆς
420 1339 656 1422 συγχωρήσεως
687 1347 754 1401 τῶν
786 1336 965 1420 λημμάτων
996 1332 1192 1419 ἀπέστημεν.
1207 1355 1239 1394 10
1309 1373 1310 1376 =

127 1457 161 1506 κο
181 1441 235 1506 δεῖ
256 1435 317 1506 οὖν
340 1439 395 1506 καὶ
417 1431 614 1508 τὰτοιαῦτα
641 1453 708 1507 τῶν
735 1442 913 1526 λημμάτων
937 1442 1108 1526 ἱστορῆσαι
1135 1438 1193 1504 καὶ

180 1547 241 1630 τήν
270 1548 428 1632 τοιαύτην
460 1551 646 1632 μεταβολήν
675 1572 709 1614 τε
744 1546 799 1612 καὶ
831 1547 1037 1632 μετάπτωσιν
1069 1545 1193 1629 αὐτῶν,
1272 1551 1287 1592 '³

180 1650 256 1718 καθ’
284 1653 326 1737 ἣν
355 1653 391 1718 ἐν
419 1653 501 1740 αὐτῇ
533 1664 573 1740 πή
602 1654 758 1742 ἐρωτήσει
785 1655 805 1738 ή
833 1664 871 1739 τῇ
902 1653 1072 1738 ἀποκρίσει
1100 1653 1191 1740 ήτςό

181 1763 438 1844 συλλελογίσθαι
464 1763 485 1844 ή
512 1785 579 1827 τινι
612 1763 700 1850 άλλῳ
728 1763 866 1851 τοιούτῳ
894 1760 1106 1845 λαμβάνοντα
1133 1760 1194 1836 τδις

180 1869 400 1952 μεταπτώσεις
429 1866 584 1954 ἀφορμήν
614 1867 748 1952 παρέχει
775 1879 844 1943 τοῖς
869 1867 1023 1951 ἀνοήτοις
1048 1877 1109 1932 τοῦ
1136 1889 1193 1930 τα-
1209 1888 1240 1929 15
1299 1891 1306 1904 ·

128 1989 160 2039 21
181 1975 366 2058 ράσσεσθαι
394 1974 438 2057 μή
466 1973 626 2057 βλέπουσι
655 1977 692 2041 τὸ
723 1973 922 2040 ἀκόλουθον.
968 1976 1057 2049 τίνος
1081 1972 1193 2052 ἕνεκα;

180 2078 223 2144 ἵν’
248 2079 284 2144 έν
303 2088 348 2168 τῷ
371 2085 460 2170 τόπῳ
485 2081 591 2169 τούτῳ
615 2081 659 2165 μή
681 2081 770 2166 παρὰ
793 2083 830 2146 τὸ
849 2087 1000 2164 καθήκον
1019 2077 1094 2164 μηδ’
1120 2081 1193 2164 εἰκῇ
1237 2071 1242 2079 ’

181 2181 264 2269 μηδέ
287 2186 538 2273 συγκεχυμένως
560 2186 852 2274 ἀναστρεφόμεθα.

128 2308 161 2357 22
249 2290 315 2356 Καὶ
337 2295 374 2358 τὸ
398 2291 478 2359 αὐτὸ
503 2293 559 2358 έπί
582 2317 616 2358 τε
639 2304 705 2358 τῶν
730 2291 926 2359 ὑποθέσεων
949 2290 1003 2357 καὶ
1026 2303 1093 2357 τῶν
1111 2292 1194 2357 ὑπο·

180 2405 324 2464 θετικῶυ
347 2403 465 2484 λόγων.
512 2399 693 2483 ἀναγκαῖον
711 2401 774 2485 γάρ
794 2402 885 2464 ἔστιν
903 2393 950 2464 ὅτ’
968 2401 1102 2484 αίτήσαί
1117 2423 1194 2464 τινα
1207 2420 1239 2459 εο

129 2524 162 2572 23
181 2504 347 2572 Ιὑπόθεσιν
380 2508 488 2592 ὥσπερ
524 2507 710 2593 ἐπιβάθραν
742 2515 787 2595 τῷ
824 2504 896 2590 ἑξῆς
933 2508 1030 2594 λόγῳ.
1082 2513 1205 2576 πᾶσανΙ

182 2608 244 2677 οὖν
268 2614 329 2697 τήν
352 2615 513 2679 δοθεῖσαν
535 2612 791 2699 παραχωρητέον
813 2611 834 2694 ή
866 2609 907 2677 οὐ
929 2621 1053 2690 πᾶσαν;
1083 2609 1138 2676 καὶ
1161 2614 1194 2676 εί

129 2738 163 2786 24
183 2716 224 2784 οὐ
238 2728 358 2803 πᾶσαν,
372 2722 460 2798 τίνας
481 2718 569 2806 [περὶ
584 2723 674 2797 τίνος
689 2719 709 2802 ἡ
725 2718 852 2798 σκάψας
871 2717 946 2805 περὶ
960 2721 1190 2802 καθήκοντος]

182 2829 456 2912 παραχωρήσαντι
475 2823 512 2890 δέ
530 2824 684 2910 μενετέον
703 2825 841 2891 είσάπαν
861 2823 915 2890 ἐπὶ
937 2835 993 2909 τῆς
1015 2828 1192 2910 τηρήσεως,

183 2931 203 3016 ή
228 2935 317 2997 ἔστιν
341 2933 394 2998 ὅτε
418 2931 632 3016 ἀποστατέον,
656 2934 696 2998 τά
720 2929 750 2996 δ’
777 2931 948 2998 ἀκόλουθα
970 2930 1192 3018 προσδεκτέον
1206 2950 1235 2990 2⁵
1309 2963 1310 3034 χ

255 3159 366 3225 6τέλος
384 3162 432 3223 Sa:
458 3158 579 3223 *έλοςδ
606 3163 615 3230 {J
651 3165 667 3212 8
691 3167 756 3230 post
782 3160 991 3230 προσδέχεσθαι
1017 3161 1105 3230 ωηιμί.
1123 3159 1192 3229 Πμῖ.

185 3237 209 3291 ‘e
228 3234 297 3291 cod!
317 3235 396 3289 haee:
419 3233 455 3302 μὴ
480 3231 621 3302 μενόντων
645 3231 676 3286 δὲ
696 3233 788 3285 αὐτῶν
812 3231 897 3285 ὁποῖα
915 3230 1120 3300 παρεχωρήθη,
1144 3233 1194 3285 καί

183 3309 256 3378 ἡμᾶς
273 3313 351 3360 πᾶσα
369 3303 479 3375 ἀνάγκη
498 3311 546 3372 τῆς
565 3301 787 3372 παραχωρήσεως
809 3303 987 3371 ἀφίστασθαι
1017 3302 1066 3356 καὶ
1088 3310 1138 3356 τοῦ
1161 3303 1192 3356 τὸ

183 3380 381 3433 ἀνακόλουθον
404 3383 462 3438 τοῖς
486 3376 581 3437 αὐτοῖς
603 3375 707 3444 (αὐτῶν
731 3375 828 3442 Schw.)
852 3371 944 3443 λόγοις
971 3371 1193 3443 προσδέχεσθαι;

183 3468 231 3522 τρο
250 3451 377 3504 lacunam
396 3449 519 3502 indicavi
551 3449 559 3515 ΙΙ
590 3447 685 3500 υιαλίαι
703 3440 796 3517 <έφ’>
809 3443 876 3513 ἡμῖν
903 3447 913 3512 ΙΙ
942 3451 974 3498 10
992 3447 1086 3500 malim
1103 3464 1194 3514 παρα-

184 3520 372 3649 ww
401 3516 675 3659 ἶίάῗῗῖλώῖἷλὲί
691 3515 971 3652 (ελῖείιῗλιίεῖῗ
984 3515 1084 3654 ἀάἕιέὁ
1115 3519 1124 3584 '¹
1159 3522 1193 3570 ²²

284 3623 296 3655 a
373 3636 379 3648 0
672 3617 705 3627 '—
965 3630 969 3638 ι
