2650 3930
169 165 235 230 208
311 163 495 217 APPIANOT
512 163 588 217 ΤΩΝ
605 163 823 216 ΕΠΙΚΤΗΤΟΤ
841 162 1037 216 ΔΙΑΤΡΙΒΩΝ

168 327 261 403 τινὰς
284 324 432 411 έπαινῃς·
461 327 584 410 πότερα
610 326 689 401 τοὺς
712 326 862 401 δικαίους
884 321 905 407 ἢ
927 327 1006 400 τοὺς
1028 322 1185 402 ἀδίκους;

171 470 208 479 -
239 434 324 508 Τοὺς
347 432 505 508 δικαίους.
527 468 571 478 -
595 432 746 515 Πότερον
769 433 847 507 τοὺς
870 430 1046 515 σώφρονας
1066 426 1087 512 ἢ
1106 431 1188 506 τοὺς

168 538 386 615 ἀκολάστοοςς
418 574 455 584 -
492 538 577 613 Τοὺς
610 536 795 621 σώφρονας.
823 573 864 582 -
899 537 985 612 Τοὺς
1017 535 1188 620 ἐγκρατεῖς

131 641 198 712 οδ’
230 643 252 728 ἢ
284 647 362 721 τοὺς
389 643 553 730 ἀκρατεῑςς
584 679 623 690 -
658 644 743 719 Τοὺς
771 641 946 727 ἐγκρατεῖς.
977 679 1017 689 -
1049 641 1187 708 Οὺκοῦν

167 753 321 818 τοιοῦτόν
343 774 419 817 τινα
441 762 548 816 ποιῶν
571 751 695 815 σαυτὸν
719 754 792 814 ίσθι
821 749 872 814 ὅτι
894 750 998 814 καλὸν
1020 751 1185 832 ποιήσεις·
1212 769 1224 809 ⁵

169 857 282 946 μέχρις
306 856 335 923 δ’
359 857 402 924 ἀν
419 858 548 924 τούτων
568 855 700 942 ἀμελῃς,
723 857 863 941 αἰσχρόν
881 853 910 920 σ’
935 850 1021 922 εἶναι
1044 854 1186 940 ἀνάγκη,

168 964 231 1030 κάν
254 965 361 1030 πάντα
384 973 515 1051 μηχανᾷ
537 958 621 1048 ὑπέρ
644 971 705 1028 τοῦ
727 964 913 1047 φαίνεσθαί
933 979 970 1027 σε
992 963 1105 1027 καλόν.

118 1091 151 1140 10
234 1067 412 1136 Ἐντεῦθεν
440 1067 550 1135 ω’ωιίτι
581 1070 644 1154 ἔχω
675 1086 729 1134 σοι
756 1079 826 1145 πῶς
851 1073 947 1134 είπω·
980 1069 1022 1133 ἀν
1052 1090 1089 1132 τε
1120 1067 1186 1152 γὰρ

170 1173 255 1258 λέγω
279 1175 300 1241 δ
322 1186 451 1262 φρονῶ,
474 1175 601 1241 ἀνιάσω
625 1191 662 1240 σε
684 1171 740 1240 καὶ
758 1173 905 1252 ἐξελθὼν
923 1174 1006 1260 τάχα
1024 1170 1097 1240 οὐδ’
1119 1175 1187 1238 ελσ-
1315 1236 1316 1258 ,

169 1282 302 1367 ελεόσῃ·
331 1281 372 1345 ἀν
395 1303 431 1346 τε
454 1283 498 1366 μὴ
523 1278 625 1365 λέγω,
652 1281 714 1366 ὅρα
737 1271 812 1346 οἷον
834 1283 978 1365 ποιήσω,
1005 1280 1037 1344 ελ
1058 1280 1100 1345 σὺ
1123 1276 1187 1364 μὲν
1204 1303 1231 1342 ιο

169 1390 248 1473 έρχῃ
271 1389 354 1472 πρὸς
376 1384 434 1472 ἐμὲ
457 1389 769 1473 ὠφεληθησόμενος,
792 1386 856 1470 ἐγὼ
880 1380 911 1451 δ’
938 1386 998 1452 οὐκ
1022 1385 1185 1471 ὠφελήσω

170 1490 200 1558 σ’
224 1491 335 1578 οὐδέν,
354 1491 408 1559 καὶ
428 1497 470 1560 σὺ
488 1490 550 1578 μὲν
565 1494 610 1571 ὡς
626 1496 710 1579 πρὸς
728 1496 928 1578 φιλόσοφον,
947 1493 1012 1577 ἐγὼ
1032 1490 1063 1558 δ’
1083 1489 1185 1559 οὐδὲν

117 1620 149 1670 11
170 1599 234 1687 έρῶ
263 1617 316 1666 σοι
344 1601 389 1678 ὡς
416 1604 612 1686 φιλόσοφος.
657 1610 727 1677 πῶς
757 1596 795 1665 δὲ
816 1597 872 1666 καὶ
896 1600 989 1685 ὠμόν
1011 1599 1080 1665 έστι
1102 1601 1186 1686 πρὸς
1316 1611 1317 1616 ’

169 1707 272 1772 αὺτὸν
286 1723 322 1773 σε
337 1710 375 1774 τὸ
388 1710 553 1791 περιιδεῖν
569 1706 859 1792 ἀνεπανόρθωτον.
889 1708 931 1772 ἀν
945 1703 1024 1772 ποθ’
1042 1706 1185 1792 ὕστερον

119 1835 150 1882 12
169 1811 294 1900 φρένας
312 1821 402 1899 σχῇς,
425 1814 572 1897 εὐλόγως
593 1836 650 1898 μοι
669 1809 846 1898 έγκαλίσῃς
874 1812 920 1878 ετί
941 1807 1031 1878 εἶδεν
1055 1811 1092 1879 έν
1111 1810 1184 1898 ἐμοὶ
1201 1833 1228 1872 ιε

171 1919 189 1984 ὁ
214 1917 420 2003 Ἐπίκτητος,
451 1920 508 1983 ἵνα
536 1915 668 2003 βλέπων
696 1942 735 2004 με
767 1929 921 1985 τοιοῦτον
952 1921 1185 2005 εἰσερχόμενον
1316 1935 1318 1964 ⁴

170 2026 253 2108 πρὸς
271 2022 373 2088 αὐτὸν
393 2022 499 2100 οὕτως
517 2026 659 2110 αἰσχρῶς
681 2027 798 2110 ἔχοντα
817 2027 951 2112 περιίδῃ
969 2024 1068 2109 (ml)
1086 2022 1184 2110 μηδέ-

119 2146 151 2196 13
170 2149 249 2194 ποτε
278 2124 361 2214 μηδὲ
390 2129 478 2215 ῥῆμα
505 2135 596 2216 εἴπῃς
630 2130 717 2196 οὕτω
745 2155 811 2216 μον
837 2130 984 2215 ἀπέγνω;
1016 2129 1092 2209 νέος
1123 2132 1185 2198 οὐκ

170 2237 275 2320 ἧμηνς
295 2235 357 2301 οὐκ
375 2235 463 2319 ἥμην
482 2240 585 2320 λόγου
604 2236 812 2317 ἀκουστικός;
832 2241 930 2304 πόσοι
950 2234 980 2304 δ’
998 2239 1095 2304 ἀλλοι
1114 2236 1185 2304 νέοι

119 2359 152 2408 14
170 2336 224 2428 ἐφ’
249 2343 378 2427 ἡλικίας
400 2343 507 2409 πολλὰ
529 2352 665 2410 τοιαῦτα
689 2345 987 2431 διαμαρτόνοοσινς
1011 2345 1087 2410 τινοί
1108 2342 1181 2412 ποτ’
1199 2365 1226 2404 εο

171 2449 282 2516 ἀκούω
305 2447 491 2534 Πολέμωνα
519 2449 552 2528 ἐξ
580 2449 843 2517 ἀκολαστοτάτου
865 2453 1043 2517 νεανίσκου
1065 2453 1184 2517 τοσαύ-

170 2578 231 2641 την
254 2558 441 2641 μεταβολὴν
463 2561 668 2642 μεταβαλεῖν.
714 2558 810 2640 ἔστω,
834 2557 895 2623 οὐκ
918 2555 1000 2646 ςάετό
1019 2581 1058 2642 με
1077 2554 1185 2624 Πολέ-

171 2685 265 2745 μωνα
284 2664 432 2728 ἔσεσθαι·
457 2664 519 2747 την
537 2659 599 2748 μὲν
617 2666 724 2747 κόμην
742 2661 884 2730 έδόνατό
903 2687 968 2748 μου
987 2665 1185 2751 διορθῶσαι,

172 2767 211 2831 τὰ
248 2763 309 2850 μὲν
345 2769 552 2854 περιόμματά
588 2793 654 2853 μου
689 2774 869 2854 περιελεῖν,
905 2770 1111 2855 φιλούμενόν
1145 2792 1184 2855 με

170 2881 294 2937 παῦσαι
322 2872 485 2957 ἠδύνατο,
512 2874 596 2940 ἀλλά
619 2872 751 2960 βλέπων
774 2898 814 2960 με
841 2915 879 2924 -
903 2878 996 2953 τίνος
1018 2881 1115 2955 είπω;
1142 2913 1180 2924 -
1197 2893 1223 2934 2⁵

243 3103 278 3152 20
288 3115 347 3168 sqq.
366 3099 402 3155 cf.
421 3102 515 3156 Laert.
534 3100 616 3171 Diog.
635 3103 739 3173 Iv,1s.

174 3211 387 3218 -----—-—-.

244 3312 342 3365 δίσθι
359 3329 386 3366 s:
406 3313 459 3366 ίσει
477 3313 512 3378 8,·
531 3314 622 3382 εἴσηε
653 3317 663 3383 ss
696 3312 814 3376 λκαλός
832 3315 866 3369 S:
885 3331 953 3371 σοιν.
974 3316 1003 3375 δ.
1033 3318 1043 3384 ΙΙ
1080 3321 1111 3368 11
1133 3310 1186 3440 έχὼ
1228 3323 1242 3343 ·

171 3397 199 3434 s:
218 3378 341 3450 ἔργωιδ
369 3385 378 3450 ΙΙ
412 3387 444 3435 18
464 3381 495 3436 δὲ
514 3367 675 3456 καλ’<οὺκ>
695 3383 802 3451 Οοναεε,
819 3382 847 3437 δ’
869 3385 931 3454 οὺχλ
954 3385 1015 3456 Πμλ.
1047 3388 1056 3453 ΙΙ
1090 3392 1122 3440 15
1157 3405 1188 3454 γ-

173 3448 330 3512 καλέσειςο
365 3454 374 3521 ΙΙ
412 3458 443 3506 17
463 3451 554 3523 (καλ)
576 3455 661 3509 inm
696 3456 706 3522 [1
742 3459 777 3507 20
794 3452 847 3522 ὑφ’
868 3456 954 3511 Schw.
986 3459 996 3524 ΙΙ
1028 3461 1062 3510 θλ
1082 3455 1133 3525 μὲν
1153 3455 1187 3512 S.-

176 3518 240 3574 δὲε
271 3521 280 3588 ΙΙ
312 3525 345 3574 25
365 3519 461 3594 βλέπει
479 3522 512 3576 S:
530 3539 599 3578 σοιν.
619 3525 651 3584 δι
