2630 3928
10 247 14 302 τι
119 223 316 281 (1,2,26-8‚4)
404 215 557 267 BIBAION
575 213 732 266 ΠΡΩΤΟΝ.
758 211 796 284 β’.
821 212 859 282 γ’.
1100 208 1141 272 13

122 373 310 462 ίχνευτικοὶ
333 375 466 454 πάντες,
489 379 524 441 τί
544 370 620 453 οὖν;
647 375 759 459 ἐπειδὴ
780 375 887 460 ἀφυής
910 377 989 459 είμι,
1012 374 1142 440 ἀποστῶ
1162 388 1193 439 35

120 493 186 567 τῆς
211 481 396 567 ἐπιμελείας
423 483 543 548 τούτου
572 481 681 568 ἕνεκα;
708 482 752 566 μὴ
774 479 914 566 γένοιτο.
956 478 1144 566 Ἐπίκτητος
1162 498 1196 548 36

121 593 295 673 κρείσσων
319 589 519 675 Σωκράτους
547 589 608 654 οὐκ
636 591 738 654 ἔστιν·
767 592 799 654 εί
821 586 857 654 δὲ
880 590 924 672 μὴ
948 588 989 653 οὐ
1012 591 1143 673 χείρων,

122 696 231 762 τοῦτό
255 718 312 778 μοι
336 695 452 760 ίκανόν
475 693 575 761 ἐστιν.
621 691 700 760 οὐδὲ
722 696 786 780 γάρ
809 698 932 760 Μίλων
954 696 1070 779 ἔσομαι
1087 691 1143 759 καὶ
1162 710 1195 758 37

91 826 107 867 τ
127 801 223 884 ὅμως
246 800 307 866 οὐκ
325 799 434 885 ἀμελῶ
454 809 513 866 τοῦ
534 802 695 884 σώματος·
719 797 800 867 οὐδὲ
817 803 961 884 Κροῖσος
979 798 1034 866 καὶ
1057 801 1145 884 ὅμως

128 908 196 974 οὐκ
218 907 328 991 ἀμελῶ
351 917 409 992 τῆς
432 909 589 990 κτήσεως·
618 904 690 973 οὐδ’
705 906 828 996 ,ἁπλῶς
849 909 953 972 άλλου
976 909 1065 984 τινὸς
1088 916 1145 990 τῆς

127 1014 319 1099 ἐπιμελείας
343 1016 399 1080 διά
416 1014 477 1098 τὴν
496 1012 687 1097 ἀπόγνωσιν
705 1025 772 1079 τῶν
790 1015 901 1100 ἀκρων
925 1013 1144 1098 ἀφιστάμεθα.

126 1407 168 1494 γ’.
210 1413 299 1485 Πῶς
322 1409 368 1474 ἀν
390 1431 448 1484 τις
470 1406 542 1472 ἀπὸ
573 1417 641 1474 τοῦ
664 1410 731 1474 τὸν
754 1409 850 1473 θεὸν
873 1407 1018 1494 πατέρα
1041 1404 1145 1474 εἶναι

10 1535 23 1586 ν
247 1515 324 1580 τῶν
346 1513 570 1597 ἀνθρώπων
594 1511 655 1579 ἐπὶ
683 1516 728 1579 τά
751 1512 837 1599 ἑξῆς
861 1512 1034 1581 ἐπέλθοι.

16 1672 27 1695 “
82 1683 111 1722 ιο
203 1661 251 1721 Ec
273 1681 322 1734 τις
348 1666 393 1745 τῷ
425 1658 564 1740 δόγματι
586 1657 691 1745 τούτῳ
716 1663 931 1741 συμπαθῆσαι
953 1655 1023 1722 κατ’
1051 1657 1179 1735 ἀξίανί

129 1765 284 1846 δύναιτο,
304 1763 354 1828 ὅτι
368 1766 587 1847 γεγόναμεν
600 1761 675 1827 ὑπὸ
689 1772 757 1827 τοῦ
775 1769 873 1826 θεοῦ
892 1762 1035 1839 πάντες
1053 1784 1147 1846 προ-

127 1866 362 1954 ηγουμένως
380 1867 444 1934 καὶ
463 1870 480 1935 ό
499 1872 592 1945 θεὸς
610 1872 734 1953 πατήρ
754 1867 836 1933 ἐστι
854 1880 930 1934 τῶν
947 1867 975 1934 τ’
994 1868 1147 1952 ἀνθρώ-

127 1997 216 2040 πων
235 1973 299 2039 καὶ
317 1986 392 2040 τῶν
410 1981 531 2057 θεῶν,
550 1969 641 2057 οἶμαι
656 1973 706 2038 ότι
725 1971 826 2039 οὐδὲν
844 1971 980 2056 ἀγεννὲς
998 1971 1078 2040 οὐδὲ
1092 1998 1148 2039 τα-

128 2083 251 2147 πεινὸν
266 2081 535 2166 ένθυμηθήσεται
549 2078 624 2166 περὶ
639 2077 768 2145 ἑαυτοῦ.
796 2077 867 2145 ἀλλ’
886 2080 927 2146 άν
941 2077 1003 2166 μὲν
1017 2084 1146 2166 Καῖσαρ
1166 2098 1182 2145 2

84 2211 114 2252 15
130 2190 365 2272 είσποιήσηταί
380 2206 428 2270 σε,
447 2187 557 2264 οὐδείς
575 2203 637 2251 σου
657 2187 719 2271 τὴν
738 2185 847 2272 ὀφρὺν
866 2187 1034 2269 βαστάσει·
1054 2186 1096 2253 άν
1110 2184 1147 2252 δὲ

131 2303 234 2382 γνῷς,
257 2293 308 2358 ὅτι
330 2302 391 2358 τοῦ
409 2295 492 2370 Διὸς
510 2293 583 2371 υίὸς
605 2287 646 2375 εἶ,
669 2292 730 2356 οὐκ
754 2290 941 2379 έπαρθήσῃ;
964 2305 1028 2360 νῦν
1052 2292 1082 2359 δ’
1106 2293 1147 2360 οὐ
1166 2311 1181 2359 3

10 2411 24 2430 ’
131 2409 309 2484 ποιοῦμεν,
338 2397 408 2464 ἀλλ’
437 2397 549 2481 ἐπειδὴ
573 2399 635 2463 δύο
665 2408 768 2464 ταῦτα
792 2398 828 2464 έν
847 2407 886 2484 τῇ
910 2397 1035 2482 γενέσει
1053 2400 1147 2484 ἡμῶν

134 2505 424 2591 ἐγκαταμέμικται,
455 2505 491 2570 τό
515 2515 608 2589 σῶμα
632 2501 693 2590 μὲν
715 2508 830 2571 κοινὸν
852 2508 935 2588 πρὸς
957 2506 996 2571 τά
1021 2509 1101 2593 ζῷα,
1129 2507 1146 2572 ό

135 2616 237 2697 λόγος
260 2610 297 2678 δὲ
320 2611 374 2679 καὶ
396 2614 417 2697 ἡ
441 2613 554 2697 γνώμη
578 2614 693 2678 κοινὸν
712 2613 795 2697 πρὸς
818 2614 896 2688 τοὺς
917 2612 1030 2696 θεούς,
1053 2613 1147 2679 άλλοι

94 2742 123 2781 20
136 2717 200 2806 μὲν
220 2718 273 2784 ἐπὶ
292 2722 414 2803 ταύτην
433 2719 650 2784 ἀποκλίνουσι
668 2718 729 2802 τὴν
749 2716 943 2802 συγγένειαν
965 2719 1027 2803 τὴν
1045 2719 1147 2806 ἀτυχῆ

135 2824 192 2892 καὶ
215 2826 354 2910 νεκράν,
382 2827 489 2910 ὀλίγοι
517 2823 557 2890 δέ
580 2848 667 2902 τινες
690 2822 742 2889 ἐπὶ
765 2825 826 2908 τὴν
848 2828 946 2890 θείαν
969 2824 1024 2891 καὶ
1047 2851 1148 2910 μακα-

137 2937 224 3017 ρίαν.
276 2931 390 3016 ἐπειδὴ
423 2935 539 2998 τοίνυν
566 2931 691 3016 ἀνάγκη
720 2928 822 2996 πάνθ’
855 2932 1012 2998 ὁντινοῦν
1044 2933 1184 3010 οὕτως4

138 3037 263 3128 ἑκάστῳ
292 3046 437 3124 χρῆσθαι
466 3039 511 3116 ὡς
538 3037 580 3102 ἀν
602 3035 678 3121 περὶ
706 3036 809 3104 αὐτοῦ
831 3039 999 3124 ὑπολάβῃ,
1027 3038 1149 3105 ἐκείνοι

138 3141 200 3230 μὲν
225 3147 259 3210 οί
280 3147 399 3229 ὀλίγοι,
422 3143 495 3212 ὅσοι
518 3147 600 3232 πρὸς
622 3149 733 3210 πίστιν
752 3149 878 3210 οίονται
901 3143 1074 3229 γεγονέναι
1094 3143 1149 3211 καὶ

212 3307 295 3371 llsq.
315 3303 346 3357 L.
365 3301 447 3372 Diog.
466 3301 526 3370 VII,
543 3309 606 3357 147:
631 3298 705 3356 εἶναι
724 3302 817 3372 (θεὸν)
840 3334 853 3342 -
867 3334 880 3342 -
894 3334 907 3342 -
926 3301 1017 3371 ὥσπερ
1040 3300 1149 3373 πατέρα

137 3393 300 3512 παντάὶέεο,
319 3444 406 3498 Ευολι.
426 3449 473 3498 21:
494 3443 577 3498 οὐδὲν
597 3441 730 3498 οὐδέποτε
752 3475 784 3483 -—
803 3443 937 3497 ταπεινὸν
957 3437 1112 3512 ἐνθομήοῃ.

140 3550 188 3556 --
201 3549 354 3658 Ῑθάλῦιι]
373 3587 470 3642 πολλοὶ
488 3586 640 3643 Salmasius
671 3587 680 3654 ΙΙ
713 3589 746 3638 24
765 3584 854 3653 ὀλίγοι
871 3600 898 3637 8:
917 3581 993 3650 λόγοι
1012 3581 1033 3636 S
