2636 3930
196 189 265 254 284
345 160 527 243 ιεεωωοε
545 189 619 241 Tm<
636 189 854 241 ωωιιττωοου
872 189 1068 241 Δωυοιοοω

198 361 313 427 οὗτος
345 341 427 427 οἶος
459 347 600 436 μηδενὶ
630 347 842 436 προσέχειν
870 360 946 416 τῶν
979 348 1082 436 ἐμῶν
1113 349 1136 434 ή
1166 359 1217 437 τῷ

197 461 316 544 λόγῳ,
340 455 380 533 ὃς
403 457 449 521 ἀν
472 480 537 541 μοι
561 454 817 545 σκοπουμένῳ
845 455 1050 541 βέλτιστος
1071 460 1218 542 φαίνη-

144 587 178 635 22
198 563 287 629 ται’.
334 564 389 629 διδι
407 573 506 629 τοῦτο
524 567 574 640 τίς
596 561 722 647 ήκουσέ
741 585 819 628 κοτε
838 562 1040 650 Σωκράτους
1058 561 1218 647 λέγοντος

199 671 250 736 ὅτι
269 665 357 736 ‘om
374 694 407 735 τι
424 668 480 736 καὶ
499 669 668 749 διδάσκω’;
691 668 775 734 ἀλλά
794 670 898 736 ἀλλον
915 668 1062 755 ἀλλαχοῦ
1080 671 1216 754 ἔπεμπε.

197 787 377 864 τοιγαροῦν
404 778 546 862 ήρχοντο
578 778 662 863 τρὸς
689 775 792 842 αὐτὸν
819 774 988 854 ἀξιοῦντες
1014 779 1216 861 φιλοσόφοις
1238 800 1248 839 τ

199 881 254 948 ὑπ’
271 883 375 950 αὐτοῦ
395 890 602 968 συσταθῆναι
620 881 771 960 κάκεῖνος
789 882 914 966 ἀπῆγεν
930 880 986 948 καὶ
1005 884 1216 948 συνλστανεν.

144 1013 178 1061 23
197 991 253 1056 οὔ·
284 989 366 1056 ἀλλά
397 986 601 1073 προπέμπων
633 991 746 1072 ἔλεγεν
779 987 937 1055 ’ἄκουσόν
969 1011 1034 1072 μου
1067 992 1216 1075 σήμερον

197 1094 435 1180 διαλεγομένου
459 1093 496 1160 ἐν
518 1103 558 1180 τή
582 1097 670 1183 οἰκία
692 1103 731 1180 τῇ
750 1093 948 1181 Κοδράτου’.
982 1097 1018 1160 τέ
1032 1111 1095 1160 σου
1115 1081 1216 1160 ἀκού-

198 1218 260 1280 σω;
297 1200 459 1278 ἐπιδεῖξαί
488 1224 545 1285 μοι
577 1198 688 1278 θέλεις
720 1201 771 1266 ὅτι
802 1211 938 1286 κομψῶς
969 1207 1141 1278 συντιθείς
1175 1203 1215 1266 τὰ

198 1308 358 1391 ὀνόματος
377 1313 558 1390 συντιθεῖς,
576 1308 748 1393 ἄνθρωπε·
767 1309 823 1372 καὶ
836 1309 871 1373 τί
886 1323 940 1372 σοι
957 1306 1089 1390 ἀγαθόν
1107 1305 1213 1386 έστινς
1229 1331 1250 1372 ω

143 1438 179 1486 οι
198 1411 282 1479 ’ἀλλ’
310 1412 484 1479 ἐπαίνεσόν
507 1412 566 1498 με’
604 1417 639 1479 τί
658 1411 765 1496 λέγεις
783 1416 820 1480 τὸ
839 1411 1031 1492 έκαίνεσους
1054 1411 1141 1479 *εἰπέ
1157 1439 1214 1498 μοι

198 1519 309 1586 “offic''
341 1517 398 1586 καὶ
428 1519 675 1605 “θαυμαστῶς”
684 1519 705 1585 ’.
756 1522 831 1586 ἰδοὺ
860 1518 953 1603 λέγω.
1000 1520 1032 1584 el
1058 1516 1089 1584 δ’
1123 1518 1214 1585 ἐστὶν

197 1628 332 1705 ἔπαινος
354 1626 472 1711 έκεῖνο,
495 1625 564 1692 ὅτι
584 1622 664 1692 τοτὲ
686 1624 843 1708 λέγουσιν
862 1625 898 1690 ολ
917 1630 1099 1712 φιλόσοφοι
1118 1625 1155 1691 ἐν
1174 1636 1212 1712 τῇ

196 1743 257 1799 τοῦ
280 1733 411 1817 ἀγαθοῦ
433 1737 629 1821 κατηγορίᾳ,
658 1735 694 1798 τί
713 1748 751 1797 σε
774 1735 836 1817 ἔχω
859 1730 1045 1812 ἐκαινέσαις
1073 1735 1105 1798 εἰ
1134 1733 1213 1816 ἀγα-

196 1843 264 1906 θόν
287 1839 357 1906 ἐστι
379 1841 417 1906 τὸ
440 1840 578 1926 φράζειν
602 1839 724 1924 ὀρθῶς,
747 1837 885 1917 δέδαξόυ
903 1861 943 1924 με
961 1836 1017 1904 καὶ
1040 1838 1211 1906 έκαινὲσω.
1226 1861 1246 1900 ιι
1287 1845 1288 1904 Ι

142 1969 178 2018 25
197 1949 232 2011 τί
252 1940 329 2025 οὖας
352 1946 462 2029 ἀηδῶς
486 1947 539 2010 δεῖ
558 1957 626 2010 τῶν
647 1945 809 2012 τοιούτων
830 1945 978 2024 ἀκούεινς
1003 1949 1047 2030 μή
1070 1944 1210 2028 γένοιτο.

198 2050 262 2134 ἐγὼ
291 2047 352 2136 μὲν
380 2047 459 2117 οὐδὲ
486 2052 680 2139 κιθαρῳδοῦ
712 2051 823 2135 ἀηδῶς
853 2051 976 2118 ἀκούω·
1008 2054 1053 2137 μή
1085 2076 1117 2118 τι
1149 2047 1211 2118 οὖν
1287 2069 1288 2112 ;

197 2158 317 2223 τούτου
345 2156 441 2222 ἕνεκα
469 2159 674 2247 κιθαρῳδεῖν
697 2182 736 2243 με
765 2160 819 2224 δεῖ
844 2158 980 2238 στάντας
1009 2160 1157 2226 ἄκουσον
1179 2163 1216 2224 τί

198 2262 286 2346 λέγει
309 2264 501 2352 Σωκράτης·
526 2261 636 2350 ‘om
658 2266 730 2351 γάρ
755 2265 802 2331 ἀν
824 2263 981 2352 τρέποι,
1004 2259 1030 2330 ὦ
1053 2265 1211 2351 ἀνδρες,

197 2372 289 2456 τῇδε
312 2380 356 2457 τῇ
379 2371 513 2459 ἡλικία
541 2371 668 2458 ῶσπερ
696 2374 885 2460 μειρακίῳ
912 2371 1123 2438 πλάττοντι
1146 2375 1242 2438 λό-ιι
1287 2355 1288 2366 ¹

197 2503 291 2562 γους
317 2480 373 2556 εἰς
394 2478 494 2563 ὑμᾶς
523 2476 718 2544 εἰσιέναι’.
760 2477 881 2565 ῶσπερ
904 2477 1074 2567 μειρακίφ’
1097 2481 1210 2563 φησίν.

197 2664 270 2738 ἐμῶν
289 2672 390 2739 μηδενὶ
408 2671 481 2744 άλλφ
499 2672 657 2726 πεύθεσθαι
675 2667 692 2738 ἢ
711 2674 749 2744 τῷ
768 2671 848 2743 λόγῳ,
873 2669 903 2733 ὃς
921 2669 958 2726 άν
977 2689 1025 2741 μοι
1042 2667 1209 2742 λογιζομένῳ

197 2738 335 2812 βέλτιστος
353 2744 497 2812 φαίνηται.

286 2819 373 2880 Βοηη.
392 2812 427 2868 ef.
447 2813 534 2867 Ench.
553 2819 640 2880 46,1;
669 2809 793 2882 μέμνησο
813 2843 857 2878 -,
880 2811 924 2866 δτι
951 2811 1039 2875 οὕτως
1065 2809 1208 2882 ἀφῃρήκει

196 2881 379 2951 πανταχόθεν
398 2883 550 2954 Σωκράτης
567 2883 598 2937 τὸ
618 2879 820 2950 έττιδεικτικόν,
845 2881 914 2938 ὥστε
932 2881 1051 2954 ἤρχοντο
1069 2883 1139 2952 πρὸς
1157 2884 1207 2936 αῦ-

196 2953 245 3006 τὸν
274 2951 439 3025 βουλόμενοι
466 2955 633 3023 φιλοσόφοις
659 2951 708 3009 ἀντ’
739 2955 827 3009 αὐτοῦ
854 2959 1045 3023 συσταθῆναι,
1078 2954 1206 3016 κάκεῖνος

196 3024 306 3093 ἀπῆγεν
325 3023 438 3086 αὐτούς·
459 3023 545 3088 οῦτως
562 3025 689 3095 ἠνείχετο
707 3025 914 3095 παρορώμενος.
1286 3031 1288 3100 Ι

286 3101 373 3164 4sqq.
394 3095 428 3150 cf.
447 3095 520 3151 ΡΙοῖ.
539 3097 654 3152 Theaet.
672 3096 746 3152 1511>
765 3099 794 3151 et
813 3112 885 3165 quae
905 3095 968 3152 adn.
989 3094 1025 3150 ad
1045 3093 1091 3163 ΙΙΙ,
1107 3101 1132 3163 5,
1148 3102 1187 3151 14.
1287 3101 1288 3106 ’

196 3237 208 3290 l
247 3170 377 3306 ¹¹⁵15³)sqq.
400 3166 473 3222 Plat.
499 3166 579 3236 Apol.
604 3167 678 3223 θυαε.
701 3186 728 3238 p.
750 3173 809 3222 170
837 3167 897 3238 (ubi
924 3166 961 3222 ἂν
985 3166 1077 3234 δήπου
1106 3164 1205 3235 κρὲτοι

209 3254 254 3306 egx
271 3255 320 3290 ur.

270 3419 285 3465 1
304 3412 392 3481 μηδὲν
411 3413 444 3468 S:
463 3429 530 3468 οων.
550 3414 657 3480 Wolfe
674 3415 791 3471 Ρλαῖοικ
817 3417 827 3484 Ι
856 3412 1075 3485 Ιτροσκέμωιων
1093 3415 1127 3470 S:
1141 3431 1201 3470 corr.

197 3484 226 3543 δι
261 3487 270 3554 ΙΙ
303 3489 336 3537 13
356 3478 387 3537 έν
410 3489 443 3552 τῇ
461 3485 573 3552 δυνάμει.-
591 3492 645 3539 τῶν
664 3485 699 3551 8,·
721 3492 755 3556 τῇ
774 3487 813 3542 κά.
835 3487 943 3554 Τνικος
965 3487 996 3542 τὸ
1016 3481 1046 3541 ἐν
1066 3493 1099 3556 τῇ
1124 3488 1203 3542 Schw.

199 3555 258 3624 (qui
275 3554 405 3623 τάγαθοῦ
423 3556 544 3623 scripsit)
