2650 3930
188 181 252 244 148
333 181 516 234 ΑΡΡΙΑΝΟΤ
533 181 608 234 ΤΩΝ
625 182 843 234 ΕΙΠΚΤΗΤΟΤ
860 183 1055 236 ΔΙΑΤΡΙΒΩΝ

187 343 303 424 δίδως,
334 335 428 419 οἶδας
453 344 513 408 τὸν
541 336 578 407 εὑ
605 353 766 408 ποιοῦντα
794 341 1031 428 ἀντενποιήσαι
1057 341 1113 409 καὶ
1141 345 1204 410 τὸν

135 465 168 514 19
186 458 294 526 κακῶς
315 458 476 514 ποιοῦντα
493 459 601 526 κακῶς
618 459 764 534 ποιήσαι.
809 452 845 514 τί
865 467 918 514 σοι
936 453 1055 529 λείπεις
1076 449 1119 516 ἀν
1138 445 1203 516 οὖν

188 570 242 620 σοι
270 553 367 632 δείξω
391 556 441 621 ὅτι
463 555 504 620 τά
527 554 768 639 ἀναγκαιότατα
790 553 846 621 καὶ
875 555 1010 640 μέγιστα
1036 558 1120 643 πρὸς
1148 557 1204 622 εύ-

189 662 367 745 δαιμονίαν
390 658 445 726 καὶ
468 661 519 727 ὅτι
542 659 637 748 μέχρι
660 662 760 748 δεῦρο
783 662 919 727 πάντων
939 668 1067 747 μᾶλλον
1089 663 1110 747 ή
1133 673 1204 729 τῶν

187 771 423 852 προσηκόντων
446 766 692 853 ἐπιμεμέλησαι,
718 770 774 833 καί
796 770 855 834 τὸν
877 773 1055 854 κολοφῶνα
1078 768 1201 835 ἐπιθῶ·
1232 790 1247 832 5

188 874 264 938 ούτε
290 877 327 938 τί
350 876 431 951 θεός
457 873 547 941 ἐστιν
575 870 669 952 οἰδας
696 874 773 940 οὔτε
800 877 835 939 τί
858 875 1038 960 ἀνδρωπος
1065 875 1141 940 οὔτε
1168 879 1207 940 τί

127 996 169 1048 220
188 979 319 1064 ἀγαθὸν
347 981 422 1046 ούτε
450 984 486 1046 τί
508 984 627 1065 κακόν,
654 979 710 1046 καί
737 983 774 1047 τδ
802 977 863 1065 μὲν
890 992 957 1047 τῶν
985 982 1097 1047 ἄλλων
1121 987 1203 1059 ἰσως

188 1085 342 1170 ἀνεκτόν,
370 1087 421 1152 ὅτι
448 1084 479 1152 δ’
506 1088 606 1164 αὐτὸς
631 1089 755 1153 σαυτὸν
783 1086 929 1172 ἀγνοεῖς,
962 1099 1031 1165 πῶς
1058 1088 1203 1153 δύνασαι

180 1190 391 1278 ’ἀνασχέσθαι
418 1218 483 1278 μου
510 1192 566 1259 καί
596 1193 755 1280 ὑποσχεῖν
777 1195 836 1259 τὸν
859 1195 996 1278 ἔλεγχον
1018 1191 1073 1258 καὶ
1096 1213 1202 1280 παρα-

125 1319 167 1368 {21
188 1310 312 1383 μείναι;
333 1299 496 1384 οὐδαμῶς,
515 1297 588 1366 ἀλλ’
606 1299 710 1377 εύθὺς
727 1299 922 1386 ἀπαλλάττῃ
940 1305 1087 1386 χαλεπῶς
1105 1301 1202 1385 ἔχων.
1217 1322 1245 1362 10

187 1409 295 1471 καίτοι
329 1408 366 1471 τί
395 1423 448 1472 σοι
480 1405 544 1489 ἐγὼ
581 1408 683 1472 κακὸν
717 1408 892 1488 πεποίηκας
930 1407 962 1471 εί
996 1408 1041 1491 μή
1075 1405 1130 1472 καὶ
1161 1409 1201 1472 τὸ

181 1514 352 1597 Ιἔσοπτρον
379 1520 425 1600 τῷ
453 1515 594 1601 αἰσχρῷ,
627 1513 677 1578 ὅτι
710 1511 855 1581 δεικνύει
883 1511 985 1578 αὐτὸν
1012 1512 1101 1600 αύτῷ
1130 1503 1202 1589 οἷός

182 1615 291 1683 ’ἐστιν’
321 1620 353 1683 εί
374 1620 418 1703 μή
441 1617 498 1685 καὶ
521 1620 539 1686 ό
559 1621 670 1705 ἰατρὸς
691 1621 750 1684 τὸν
772 1629 940 1685 νοσοῦντα
964 1617 1058 1698 [ὅταν
1082 1619 1199 1700 αὑτὸν]

188 1723 325 1811 ὑβρίζει,
348 1724 429 1791 όταν
447 1732 522 1812 εἰπη
541 1725 629 1811 αὐτῷ
653 1725 835 1809 ἀνδρωπε,
854 1724 963 1801 δοκεῖς
981 1720 1087 1808 μηδὲν
1100 1726 1202 1809 ἔχειν,

188 1828 363 1915 πνρίσσεις
390 1830 438 1896 δέ’
468 1830 626 1914 ἀσίτησον
650 1831 807 1916 σήμερον,
834 1829 927 1915 ὑδωρ
950 1827 1030 1894 πίε’·
1061 1828 1116 1895 καὶ
1144 1831 1202 1896 οὐ·
1218 1852 1244 1892 15

127 1957 169 2004 «τε
190 1933 259 2012 δεὶς
281 1934 369 2019 λέγει
397 1931 436 1999 τὦ
460 1937 572 2019 δεινῆς
596 1935 745 2026 ὑβρεωςξ
790 1934 848 2001 ἐάν
877 1935 917 2000 δέ
940 1959 1007 2001 τινι
1035 1942 1128 2023 είπης
1155 1935 1206 2001 εαί
1314 2013 1315 2028 ρ

190 2038 313 2127 ὀρέξεις
331 2056 393 2106 σον
412 2043 686 2126 φλεγμαίνουσιν,
705 2041 743 2106 αἰ
758 2040 918 2118 ἐκκλίσεις
935 2045 1090 2107 ταπειναί
1103 2043 1203 2126 εἰσιν,
1314 2049 1315 2068 ’

186 2145 341 2230 ἐπιβολαὶ
372 2146 697 2232 ἀνομολογούμεναι,
735 2148 773 2214 αἰ
801 2144 901 2234 ὁρμαὶ
933 2147 1129 2233 ἀσύμφωνοι
1161 2157 1201 2232 τῇ
1314 2131 1315 2140 ¹

185 2254 305 2337 φύσει,
337 2253 374 2318 αἰ
402 2253 585 2337 ὑπολήψεις
611 2255 732 2318 είκαίαι
759 2251 815 2319 καὶ
843 2251 1064 2338 ἐήενσμέναί,
1097 2252 1203 2330 εύθὺς

191 2359 338 2438 ἐξελθὼν
360 2357 449 2444 λέγει
472 2357 623 2445 τὑβρισίν
646 2360 707 2444 με’.
1217 2381 1245 2420 ιο

135 2486 171 2536 23
261 2465 404 2532 Τοιαῦτά
427 2465 495 2531 ἐστι
517 2466 558 2531 τδι
575 2463 715 2551 ἡμέτερα
734 2466 778 2543 ὡς
796 2464 833 2530 ἐν
852 2465 1045 2551 πανηγύρει.
1081 2461 1203 2549 τὰμὲν

190 2577 292 2658 κτήνη
315 2575 555 2660 πραδησόμενα
578 2573 692 2655 ἄγεται
714 2571 769 2638 καὶ
792 2572 828 2637 οἰ
847 2575 939 2657 βόες,
968 2571 1005 2637 οἰ
1025 2568 1062 2637 δὲ
1083 2569 1204 2637 πολλοὶ

105 2847 107 2850 ¹
264 2788 295 2836 13
307 2798 368 2850 sqq.
382 2781 418 2836 cf.
432 2781 531 2851 fragm.
541 2781 645 2836 XVIII:
663 2785 708 2853 Τῷ
722 2780 773 2851 μὲν
784 2779 869 2853 ἰατρῷ
883 2780 971 2851 μηδὲν
986 2781 1204 2853 συμβουλεύοντι
1314 2771 1315 2822 7

192 2851 332 2922 ἄχθονται
355 2849 383 2906 οἱ
400 2851 555 2921 κάμνοντες
581 2850 630 2907 καὶ
657 2851 792 2920 ἡγοῦνται
814 2853 999 2920 ἀπεγνῶσθαι
1026 2849 1075 2907 ὑπ’
1101 2853 1202 2907 αἰτοῦ·

191 2923 262 2992 πρὸς
279 2922 311 2977 δὲ
329 2923 379 2977 τὸν
396 2921 553 2992 φιλόσοφον
576 2921 625 2977 διὰ
648 2925 678 2976 τί
694 2925 744 2977 οὐκ
763 2923 799 2976 ἀν
817 2943 859 2986 τις
877 2921 948 2977 οὑτω
963 2919 1110 2991 διατεθείη
1135 2922 1204 2977 ὥστε

192 2993 329 3062 οἰηθῆναι
351 2994 536 3062 ἀπεγνῶσδαι
557 2991 608 3048 ὑπ’
630 2995 718 3048 αὑτοῦ
743 2993 949 3065 σωφρονήσειν,
972 2991 999 3049 εἰ
1021 2993 1109 3063 μηδὲν
1128 2991 1205 3063 λέγοι

191 3085 219 3119 τι
236 3065 306 3136 πρὸς
324 3065 410 3119 αὑτὸν
428 3072 484 3118 τῶν
503 3067 656 3134 χρησίμως

263 3255 387 3316 δίπνδῶ
406 3259 520 3330 Scheyk:
537 3256 630 3313 πείθω
649 3260 672 3317 S
695 3262 705 3329 ΙΙ
733 3260 812 3316 ἵκαλ
829 3277 897 3316 corr.
914 3277 933 3314 a
947 3259 976 3321 δ’,
992 3261 1025 3315 ἰν
1043 3260 1132 3314 λύντο
1148 3261 1207 3314 iam

192 3349 211 3386 a
224 3330 255 3391 Sa
269 3332 348 3400 sacta
378 3333 387 3400 ΙΙ
421 3336 452 3384 13
473 3328 553 3400 [όταν
572 3330 671 3401 αὑτὸν]
694 3331 744 3386 εἰεί.
767 3330 795 3386 0.
814 3331 927 3387 Schenkl
945 3337 971 3386 et
988 3331 1083 3398 Εἰίιτ,
1107 3332 1207 3400 quibus

192 3403 280 3456 verbis
297 3403 412 3457 servatis
428 3405 466 3472 τῷ
484 3408 615 3455 νοσοῦντι
628 3405 672 3467 (αἰ
689 3403 777 3456 voluit
794 3402 870 3470 Upt.)
887 3407 913 3457 et
925 3420 949 3458 v.
967 3407 1003 3456 14
1020 3400 1119 3472 ὑγιύζη
1138 3403 1206 3456 scri·
1314 3401 1315 3412 ¹

194 3473 310 3526 bendum
328 3477 394 3526 esset
424 3473 434 3539 ΙΙ
465 3468 533 3525 ὅταν
551 3472 621 3541 δοκή
644 3471 732 3526 αὑτὸν
753 3472 876 3544 ὑβρίζειν
895 3471 925 3532 δι
956 3475 965 3542 ΙΙ
998 3478 1033 3526 14
1055 3473 1153 3544 ὑβρίζῃ
1173 3471 1207 3528 S.-

194 3559 262 3597 corr.
285 3541 312 3598 0.
332 3542 446 3599 Schenkl
476 3544 485 3611 ΙΙ
516 3546 550 3594 22
568 3538 794 3612 παραθησόμενα
812 3543 845 3598 S:
864 3559 960 3600 eorm
