2630 3928
184 222 227 286 28
326 225 510 277 εεεεεαου
527 224 602 279 ταν
619 209 1051 280 εωεεεετυουειενεωιεα

185 386 405 451 δανείσασθαι
427 389 511 471 πρὸς
532 389 570 454 τὸ
594 389 642 454 ἐτι
665 387 825 472 ὀφείλειν,
848 388 932 454 ἀλλὰ
951 388 1006 453 δεῖ
1020 396 1197 473 προσεῖναι

183 488 298 558 καὶτὸ
323 489 489 576 ἐπιμένειν
513 491 566 559 ε’πλ
589 503 648 559 τοῦ
672 495 809 561 δανείου
827 492 883 560 καὶ
906 495 950 579 μή
975 494 1197 559 διαλελύσθαι

185 597 282 681 αὐτό,
314 598 418 675 οὕτως
448 599 509 665 οὐκ
535 599 631 684 ἀρκεῖ
654 602 737 687 πρὸς
764 602 802 667 τὸ
830 602 902 666 δεῖν
924 611 1133 686 παραχωρεῖν
1156 603 1197 667 τὸ
1313 591 1314 602 ¹

184 704 440 790 ἐπιφερόμενον,
467 706 504 771 τὸ
533 705 714 772 δεδωκέναι
736 707 776 772 τά
799 710 965 792 λήμματα,
993 705 1096 772 δεῖδ
1125 705 1197 772 ἐπι-

133 827 166 875 17
184 810 296 894 μένειν
320 809 373 876 ἐπὶ
395 821 453 894 τῆς
479 815 742 900 παραχωρήσεως
769 813 888 879 αὐτῶν.
932 812 988 878 καλ
1011 815 1052 898 δή
1076 817 1196 897 μενόν-

184 941 251 982 των
282 914 344 1002 μέν
375 918 486 984 αὐτῶν
519 921 567 997 είς
598 918 690 997 τέλος
721 919 818 986 ὁποῖα
850 923 1071 1007 παρεχωρήθη
1106 929 1198 986 πᾶσα

185 1022 311 1108 ἀνάγκη
333 1025 418 1110 ήμᾶς
441 1024 494 1090 ἐπὶ
516 1036 574 1110 τῆς
595 1029 858 1114 παραχωρήσεως
885 1027 1052 1111 ἐπιμένειν
1078 1024 1134 1092 καὶ
1158 1029 1197 1092 τὸ

81 1148 121 1210 18,
136 1147 168 1195 19
183 1129 374 1196 ἀκόλουθον
393 1129 505 1208 αὐτοῖς
522 1121 767 1218 προσδέχεσθαι
782 1183 863 1198 .....
882 1130 962 1199 οὐδὲ
976 1135 1038 1218 γὰρ
1053 1133 1133 1218 ήμῑν
1148 1135 1198 1197 ἔτι

186 1232 264 1301 οὐδὲ
301 1234 378 1302 καθ’
413 1237 498 1321 ἡμᾶς
530 1244 704 1324 συμβαίνει
738 1250 837 1306 τοῦτο
873 1243 911 1306 τὸ
944 1240 1199 1325 ἐπιφερόμενον,

186 1342 298 1426 ἐπειδή
331 1353 388 1429 τής
424 1349 661 1431 συγχωρήσεως
692 1357 760 1412 τῶν
792 1346 970 1430 λημμάτων
1002 1344 1198 1430 ἀπέστημεν.
1216 1369 1249 1408 ιο

132 1465 166 1513 20
186 1449 240 1514 δεῖ
261 1443 322 1514 οὖν
345 1448 400 1515 καλ
422 1441 620 1517 τδιτοιαῦτα
647 1463 713 1518 τῶν
740 1452 918 1536 λημμάτων
942 1453 1113 1538 ίστορήσαι
1140 1451 1199 1517 καλ

184 1555 246 1639 τήν
275 1556 433 1640 τοιαύτην
465 1561 651 1642 μεταβολήν
680 1581 715 1623 τε
749 1556 804 1622 καὶ
836 1558 1042 1642 μετάπτωσιν
1074 1558 1199 1642 αὐτῶν,

185 1658 261 1726 καθ’
289 1661 332 1746 ἣν
360 1661 397 1728 ἐν
424 1662 506 1750 αὐτή
539 1674 578 1750 τῇ
607 1663 763 1750 ἐρωτήσει
790 1665 810 1749 ή
838 1674 877 1750 τῇ
907 1664 1078 1749 ἀποκρίσει
1105 1665 1197 1752 ήτῷ

186 1773 442 1853 συλλελογίσθαι
469 1772 490 1854 ή
517 1794 584 1835 τινι
616 1773 706 1860 ἀλλφ
734 1773 871 1861 τοιούτῳ
900 1772 1111 1857 λαμβάνοντα
1138 1773 1200 1849 τὰς

185 1878 405 1960 μεταπτώσεις
434 1875 589 1963 ἀφορμήν
619 1877 753 1963 παρέχει
780 1890 849 1956 τοίς
875 1877 1029 1962 ἀνοήτοις
1054 1889 1114 1944 τοῦ
1141 1901 1199 1943 τα-
1218 1901 1248 1942 15

132 1998 165 2047 21
185 1983 370 2068 ράσσεσθαι
398 1984 443 2066 μή
471 1982 630 2067 βλέπουσι
660 1988 698 2051 τὸ
728 1983 927 2051 ἀκόλουθον.
973 1988 1063 2061 τίνος
1086 1983 1198 2064 ἕνεκας
1312 2017 1313 2030 2

185 2086 228 2152 ἵν’
253 2087 289 2152 ἐν
307 2097 352 2177 τῷ
376 2094 465 2180 τόπφ
489 2091 596 2180 τούτῳ
619 2091 662 2176 μή
686 2093 776 2177 παρὰ
798 2094 835 2157 τὸ
854 2098 1005 2175 καθήκον
1024 2089 1099 2176 μηδ’
1125 2092 1199 2176 εἰκῇ
1246 2085 1251 2092 ’

185 2190 268 2279 μηδέ
292 2196 543 2282 συγκεχυμένως
565 2196 857 2283 ἀναστρεφόμεθα.

133 2317 166 2365 22
253 2299 319 2366 Καὶ
341 2305 379 2367 τὸ
402 2300 483 2368 αὐτὸ
507 2302 563 2369 ἐπί
586 2327 621 2369 τε
643 2315 710 2369 τῶν
734 2303 930 2369 ὑποθέσεων
953 2302 1097 2369 καὶτῶν
1115 2305 1199 2370 ὑπο-

185 2413 329 2474 θετικῶν
352 2413 469 2493 λόγων.
516 2409 697 2494 ἀναγκαῖον
716 2412 778 2496 γάρ
798 2413 889 2476 ἐστιν
908 2404 955 2475 ὅτ’
973 2413 1107 2495 αίτήσαί
1122 2435 1199 2477 τινα
1215 2433 1248 2472 εο

133 2533 167 2582 23
185 2513 351 2582 ὑπόθεσιν
383 2518 493 2602 ὥσπερ
528 2516 715 2603 ἐπιβάθραν
746 2526 790 2605 τῷ
829 2515 901 2601 ἑξῆς
937 2519 1034 2605 λόγῳ.
1086 2526 1198 2583 πᾶσαν

187 2617 249 2687 οὖν
271 2623 332 2706 τήν
356 2625 517 2689 δοθεῖσαν
539 2623 796 2710 παραχωρητέον
817 2621 838 2706 ή
870 2621 912 2689 οὐ
934 2633 1057 2701 πᾶσαυ;
1087 2621 1142 2689 καλ
1165 2627 1200 2688 εί

133 2747 167 2795 24
187 2726 228 2793 οὐ
242 2738 362 2812 πᾶσαν,
376 2733 464 2808 τίνα;
485 2728 573 2816 [περὶ
587 2733 678 2807 τίνος
693 2729 713 2813 ή
728 2728 856 2809 σκέψιςς
875 2729 951 2815 περὶ
965 2733 1195 2814 καθήκοντος]

186 2837 460 2921 παραχωρήσαντι
479 2833 516 2900 δέ
534 2834 688 2920 μενετέον
707 2836 845 2902 είσάπαν
865 2835 919 2902 ἐπὶ
941 2847 998 2921 τῆς
1019 2840 1197 2922 τηρήσεως,

187 2940 207 3024 ή
231 2943 321 3006 ἐστιν
345 2941 398 3006 ὅτε
422 2942 636 3027 ἀποστατέον,
660 2945 699 3008 τά
723 2941 754 3008 δ’
781 2943 953 3010 ἀκόλουθα
975 2941 1197 3030 προσδεκτέον
1212 2963 1242 3003 εο

259 3169 370 3234 θτέλος
388 3172 435 3233 διε
462 3169 582 3233 αέλοςόἵ
610 3175 619 3241 ΙΙ
655 3176 671 3225 8
695 3178 760 3241 post
786 3172 995 3242 προσδέχεσθαι
1021 3173 1109 3242 suppl.
1134 3171 1196 3241 Upt.

188 3246 213 3300 ‘e
232 3243 301 3300 cod!
321 3245 399 3298 haee:
423 3243 459 3312 μή
484 3241 625 3311 μενόντων
648 3241 679 3296 δὲ
699 3243 792 3296 αὐτῶν
816 3242 901 3298 ὁποῖα
919 3242 1124 3313 παρεχωρήθη,
1147 3243 1198 3297 καὶ

187 3317 260 3386 ἡμᾶς
277 3322 355 3368 πᾶσα
373 3313 483 3383 ἀνάγκη
502 3321 550 3382 τῆς
568 3311 791 3382 παραχωρήσεως
813 3314 991 3382 ἀφίστασθαι
1020 3314 1070 3368 καλ
1092 3322 1141 3368 τοῦ
1164 3315 1196 3368 τὸ

187 3389 385 3442 ἀνακόλουθον
408 3391 466 3446 τοῖς
490 3385 585 3447 αὐτοῖς
607 3385 710 3454 (αὐτῶν
735 3385 832 3452 δαίων.)
856 3383 947 3455 λόγοις
975 3383 1197 3454 προσδέχεσθαι;

187 3475 234 3530 εγο
254 3459 381 3512 lammam
399 3457 523 3511 indicavi
554 3458 563 3524 ΙΙ
594 3457 688 3510 κολίαι
706 3450 800 3529 (ἐφ’>
813 3455 891 3524 ήμῖν·
907 3459 917 3524 ΙΙ
945 3463 977 3511 10
995 3458 1089 3511 malim
1106 3475 1198 3524 ταρα-

188 3527 376 3656 Ξίῖίδωὲιλ
405 3526 678 3668 λδάπέῗόώἵῗλέ
694 3527 974 3664 (ελίιλῗλιέιῖλ
987 3527 1087 3665 λάβ’
1118 3531 1127 3595 ⁰
1161 3533 1197 3582 ²²

287 3631 300 3662 α
377 3644 383 3656 ,
466 3637 470 3650 ι
675 3629 709 3638 “-
968 3641 972 3650 .
