2626 3924
201 210 271 274 360
342 209 526 263 APPIANOfr
544 208 618 263 ΤΩΝ
636 208 854 262 ΕΠῙΚΤΗΤΟΤ
872 209 1069 264 ΔΙΑΤΡΙΒΩΝ

147 388 185 438 34
204 373 272 436 ἔστι
299 372 382 456 πρὸς
410 368 480 454 ἐμεξ
513 379 611 436 τοῦτο
640 366 670 435 δ’
703 368 784 454 ἐμὸν
818 372 919 456 ἔργον
951 369 1021 437 ἐστὶ
1053 368 1109 436 καὶ
1142 373 1219 438 οὔτε

202 477 367 562 τύραννος
393 477 536 543 κωλύσει
563 500 603 561 με
630 475 773 543 θέλοντα
802 477 879 542 ούτε
903 478 1064 563 δεσπότης
1087 479 1164 544 οῦτε
1189 479 1221 544 οἱ

201 579 322 648 πολλοὶ
345 585 404 649 τὸν
428 582 487 649 ἕνα
511 581 587 649 οὔθ’
610 584 628 650 ὁ
653 585 865 671 ἰσχυρότερος
882 585 943 651 τὸν
965 583 1219 671 ἀσθενέστερον·

203 697 303 755 τοῦτο
330 690 393 775 γάρ
421 688 593 755 ἀκώλυτον
626 688 759 756 δίδοται
790 691 856 756 ὑπὸ
884 699 944 756 τοῦ
972 697 1058 756 θεοῦ
1086 688 1221 780 ἑκάστῳ.

150 810 186 860 35
205 804 307 860 ταῦτα
328 797 369 860 τά
388 798 535 881 δόγματα
553 795 590 862 ἐν
610 798 698 884 οίκίςι
714 799 831 881 φιλίαν
849 807 950 880 ποιεῖ,
973 796 1010 863 ἐν
1028 800 1127 863 πόλει
1145 797 1222 882 ὁμύ
1243 819 1253 858 5

203 925 320 986 νοιαν,
351 901 388 968 ἐν
421 905 556 968 ἔθνεσιν
589 904 744 989 εἰρήνην,
780 904 863 990 πρὸς
894 905 979 969 θεὸν
1011 903 1222 990 εὐχάριστον,

203 1018 374 1094 πανταχοῦ
391 1016 597 1094 θαρροῦντα,
620 1008 665 1084 ὡς
681 1005 757 1095 περὶ
774 1019 842 1099 τῶν
861 1008 1057 1096 ἀλλοτρίων,
1081 1010 1128 1088 ὡς
1148 1009 1222 1095 περὶ

151 1130 187 1178 36
206 1115 345 1191 οὐδενὸς
368 1113 481 1193 ἀξίων.
517 1111 590 1179 ἀλλ’
612 1114 706 1199 ἡμεῖς
723 1114 849 1203 γράψαι
867 1112 929 1200 μὲν
951 1113 1007 1181 καὶ
1029 1114 1223 1200 ἀναγνῶναι

205 1229 309 1284 ταῦτα
331 1216 386 1284 καὶ
409 1217 724 1304 ἀναγιγνωσκόμενα
748 1219 917 1287 ἐπαινέσαι
941 1223 1061 1307 ίκανοί,
1082 1229 1224 1306 πεισθῆ-

150 1341 187 1389 37
205 1347 263 1389 ναι
286 1321 316 1388 δ’
344 1321 415 1389 οὐδ’
443 1323 550 1408 ἐγγύς.
596 1336 775 1413 τοιγαροῦν
802 1328 840 1392 τὸ
867 1324 943 1413 περὶ
969 1337 1036 1394 τῶν
1059 1330 1224 1394 Λακεόαι-
1237 1349 1257 1388 1⁰

205 1431 335 1514 μονίων
356 1432 538 1516 λεγόμενον

417 1553 490 1608 οίκοι
508 1550 626 1621 λέοντες,
646 1547 677 1608 ἐν
693 1548 849 1627 Ἐφὲσμιῖ
870 1554 1011 1617 ἀλώπεκες

205 1679 262 1742 καί
285 1676 336 1764 ἐφ’
363 1679 457 1764 ἡμῶν
481 1677 631 1766 ἁρμόσει·
656 1678 693 1744 ἐν
712 1687 813 1766 σχολῇ
835 1679 975 1764 λέοντες,
998 1679 1061 1759 ἔξω
1085 1674 1117 1746 δ’
1139 1681 1226 1747 ἀλώ-

204 1805 311 1861 πεκες.

207 2181 251 2253 ς’.
288 2189 394 2273 Πρὸς
421 2190 512 2265 τοὺς
539 2187 601 2254 ἐπὶ
628 2198 679 2278 τῷ
708 2190 910 2256 ἐλεεῖσθαι
933 2189 1226 2276 ὀδυνωμένους.
1239 2213 1259 2253 1⁵

171 2362 187 2411 1
272 2341 440 2431 Ἀνιῶμαι,
467 2352 581 2433 φησίν,
608 2347 811 2434 ἐλεούμενος.
835 2385 877 2397 -
901 2352 1052 2436 Πότερον
1075 2347 1138 2418 οὖν
1164 2357 1227 2422 σὸν

208 2453 307 2538 ἔργον
335 2451 404 2518 ἐστὶ
431 2455 468 2519 τὸ
493 2451 661 2519 ἐλεεῖσθαί
681 2471 718 2520 σε
745 2455 766 2538 ἣ
793 2465 861 2521 τῶν
888 2454 1085 2538 ίλεούντων;
1115 2463 1151 2525 τί
1179 2458 1210 2526 δ’
1218 2489 1226 2538 ;

208 2556 262 2624 ἐπὶ
281 2563 339 2625 σοί
354 2559 423 2626 ἐστι
440 2561 478 2624 τὸ
497 2569 622 2625 παῦσαι
640 2559 736 2638 αύτύ;
758 2597 796 2607 -
819 2556 888 2624 ’λῦμ’
911 2559 994 2647 ἐμοί,
1017 2561 1060 2628 άν
1079 2564 1226 2631 δεικνύω

172 2663 320 2741 καύτοῖς
347 2665 391 2749 μὴ
419 2663 513 2743 άξιον
542 2664 635 2732 ἐλέου
666 2668 746 2731 ὄντα
769 2663 920 2749 ἐμαυτόν.
947 2703 985 2713 -
1011 2670 1165 2757 Πότερον
1191 2667 1223 2737 δ’

207 2769 271 2852 ἤδη
296 2785 349 2836 σοι
371 2770 512 2858 ὑπάρχει
532 2781 641 2856 τοῦτο,
665 2774 702 2838 τὸ
726 2772 770 2855 μὴ
789 2766 876 2836 εἶναι
895 2769 989 2838 ἐλέου
1008 2773 1102 2852 ἄξιον
1120 2776 1141 2860 ἢ
1161 2778 1225 2864 οὐχ
1238 2797 1260 2836 ω

206 2874 362 2960 ὑπάρχεις
389 2912 427 2924 -
453 2881 554 2943 Δοκῶ
573 2880 688 2962 ἔγωγε,
707 2877 761 2943 ὅτι
783 2877 932 2963 ὑπάρχει.
978 2877 1050 2944 ἀλλ’
1071 2867 1172 2946 οὗτοί
1190 2882 1222 2967 γ’

208 2979 271 3044 οῦκ
290 2978 343 3045 ἐπὶ
360 2982 491 3059 τούτοις
509 2981 671 3068 ἐλεοῦσιν,
694 2981 746 3069 ἐφ’
769 2975 831 3067 οἷς,
849 2989 940 3070 εῖττερ
959 2986 1034 3070 άρα,
1052 2982 1096 3070 ἦν
1116 2987 1225 3072 άξιον,

208 3082 263 3150 ἐκεῖ
290 3096 359 3163 τοῖς
383 3085 679 3175 ἁμαρτανομένοις,
709 3087 781 3156 ἀλλ’
806 3086 861 3154 ἐπὶ
882 3093 981 3178 πενίᾳ
1003 3090 1058 3158 καὶ
1080 3091 1225 3183 ἀναρχίᾳ

208 3227 423 3239 ..ᾗ-..-

282 3319 315 3367 12
335 3311 370 3366 ef.
390 3312 476 3367 schol.
496 3314 533 3366 ad
550 3314 694 3385 Aristoph.
713 3316 778 3372 Pae.
796 3335 823 3374 v.
839 3324 908 3374 1189
918 3337 959 3390 sq.
979 3322 1126 3392 (παροιμία
1144 3322 1226 3393 παρὰ

208 3381 275 3443 τοῦς
294 3377 324 3436 ἐν
340 3379 413 3454 Ἀσίμ
431 3383 568 3446 Λάκωνας
586 3386 796 3458 ἀτυχήσαντος).

283 3560 316 3609 21
336 3553 431 3630 <ούχ>
449 3555 567 3626 ῦιιάρχει
585 3575 598 3612 s
