2636 3922
130 221 159 275 (1,
173 225 206 276 1ο,
220 225 295 275 ε-ετ,
309 219 331 270 ι)
399 211 552 263 BIBAION
569 209 727 263 ΠΡΩΤΟΝ.
747 208 804 266 ις’.
824 209 876 274 κζ’.
1105 209 1148 274 83

128 381 195 438 νῦν
229 367 266 436 δὲ
299 371 346 455 μη.
377 370 562 454 δυνάμενοί
593 389 682 447 τινες
712 373 771 437 τὸν
807 374 926 457 ψωμὸν
957 375 1150 438 καταπίνειν
1170 390 1203 437 16

130 476 291 555 σύνταξιν
309 475 532 561 ἀγοράσαντες
551 476 785 561 ἐπιβάλλονται
804 477 939 543 ἐσθίειν.
977 477 1033 542 διὰ
1051 488 1150 544 τοῦτο
1175 496 1178 500 ·

131 583 272 668 ἐμοῢσιν
299 581 320 666 ἢ
351 580 567 649 ἀπεπτοῦσιν·
600 579 670 648 εἶτα
703 586 842 668 στρόφοι
873 581 930 648 καί
957 584 1150 669 κατάρροιαι

130 687 188 755 καὶ
215 693 362 774 πυρετοί.
409 691 477 754 ἔδει
506 687 537 754 θ’
565 689 772 775 έφιστάνειν,
800 691 830 754 εί
858 691 1028 755 δύνανται.
1073 687 1145 755 ἀλλ’
1171 707 1202 755 17

102 796 170 860 τέν
193 791 256 880 μὲν
274 798 401 882 θεωρία
420 793 541 882 ῥᾴδιον
564 793 727 878 ἐξελέγξαι
745 797 804 861 τὸν
824 796 885 861 οὐκ
908 796 1031 880 είθότα,
1055 795 1092 862 έν
1112 793 1150 862 δὲ

130 911 203 979 τοῖς
230 902 313 966 κατὰ
339 903 399 966 τὸν
427 903 504 985 βίον
532 901 609 967 οὔτε
636 899 771 988 παρέχει
799 900 918 968 ἑαυτόν
948 924 998 978 τις
1028 900 1150 990 έλέγχφ

130 1011 192 1074 τόν
219 1005 248 1072 τ’
275 1005 484 1090 έξελέγξαντα
507 1017 679 1093 μισοῦμεν.
726 1008 744 1074 ὁ
773 1003 810 1072 δὲ
833 1006 1013 1092 Σωκράτης
1036 1009 1149 1090 ἔλεγεν
1170 1025 1203 1073 18

131 1113 392 1192 ἀνεξέταστον
415 1117 506 1198 βίον
528 1116 577 1198 μὴ
603 1117 678 1197 ζῆν.

129 1519 191 1599 κζ’.
231 1523 424 1605 Ποσαχῶς
451 1519 495 1584 αί
520 1521 736 1604 φαντασίαι
763 1523 946 1602 γίνονται
974 1519 1038 1585 καὶ
1064 1523 1152 1586 τίνα

88 1652 118 1690 1ο
284 1629 476 1710 πρόχειρα
504 1627 600 1709 πρὸς
627 1624 746 1700 αὐτὰς
773 1627 1005 1710 βοηθήματα

460 1727 817 1814 παρασκευαστέον.

210 1875 388 1964 Τετραχῶς’
403 1872 441 1935 αί
461 1851 642 1956 φαντασίαι
665 1873 815 1954 γίνονται
826 1850 927 1955 ’ἡμῖν’
955 1870 975 1955 ἢ
998 1835 1061 1957 γάρ
1084 1874 1153 1938 ἔστι
1173 1891 1187 1938 1

133 1980 210 2045 τινὰ
236 1975 334 2062 <καὶ>
359 1977 446 2042 οὕτω
470 1981 625 2062 φαίνεται
658 1977 678 2061 ἢ
707 1977 767 2042 οὐκ
796 1979 875 2043 ὄντα
898 1973 978 2043 οὐδὲ
1001 1982 1153 2063 φαίνεται

133 2085 187 2150 ὅτι
219 2087 310 2150 ἔστιν
346 2083 367 2168 ἢ
400 2085 470 2150 ἔστι
502 2082 558 2148 καὶ
585 2083 627 2148 οὐ
656 2088 807 2168 φαίνεται
845 2083 865 2167 ἢ
898 2084 959 2149 οὐκ
997 2088 1065 2149 ἔστι
1095 2084 1151 2151 καὶ
1282 2173 1285 2178 Ι

89 2213 118 2254 ιε
133 2195 298 2276 φαίνεται.
335 2193 455 2256 λοιπὸν
473 2188 510 2255 ἐν
527 2198 607 2254 πᾶσι
628 2191 758 2284 τούτοιςΙ
776 2189 945 2276 εὐστοχεῖν
964 2193 1064 2276 ἔργον
1083 2189 1151 2257 ἐστὶ
1169 2208 1185 2255 2

132 2306 195 2364 τοῦ
217 2294 493 2381 πεπαιδευμένον.
540 2296 613 2360 ὅτι
642 2291 673 2360 θ’
700 2289 786 2381 άνῇ
814 2297 850 2360 τὸ
873 2299 1008 2380 θλῐβον,
1036 2296 1151 2385 έκείνφ

133 2405 190 2470 δεῖ
209 2403 393 2489 προσάγειν
416 2403 478 2486 την
495 2405 665 2486 βοήθειαν.
702 2402 735 2466 εί
751 2405 938 2486 σοφίσματα
955 2401 1040 2485 ἡμᾶς
1058 2407 1151 2486 Πυρ-

132 2512 259 2591 ρώνεια
287 2507 343 2574 καὶ
367 2506 590 2592 Ἀκαδημαϊκοὶ
618 2508 657 2571 τά
684 2507 848 2591 θλίβοντά
876 2505 981 2589 ἐστιν,
1013 2504 1152 2583 ἐκείνοις

131 2617 355 2701 προσάγωμεν
378 2616 439 2698 την
463 2616 638 2698 βοηθειανῑ
667 2615 698 2677 εί
720 2613 757 2676 αί
781 2621 848 2677 τῶν
874 2611 1075 2697 πραγμάτων
1096 2634 1149 2677 πι-
1168 2633 1184 2680 3

91 2743 118 2783 20
132 2725 333 2805 θανότητες,
365 2716 443 2784 καθ’
476 2720 514 2796 ἃς
541 2723 698 2804 φαίνεταί
721 2741 796 2783 τινα
823 2716 935 2802 άγαθά
967 2718 1028 2784 οὐκ
1058 2721 1150 2803 ὄντα,

131 2811 202 2894 ἐκεῖ
228 2829 290 2912 τὴν
317 2829 482 2910 βοήθειαν
507 2829 667 2909 ζητῶμεν·
695 2827 725 2889 εί
752 2827 831 2902 ἔθος
848 2821 922 2890 ’ἐστὶ
949 2827 987 2891 τὸ
1014 2830 1150 2911 θλίβον,

129 2935 216 3019 πρὸς
243 2933 351 2998 έκεῖνο
382 2931 443 3014 την
467 2934 630 3016 βοήθειαν
653 2929 862 3016 άνενρίσκειν
889 2931 1072 3015 πειρατέον.
1116 2938 1184 2999 τί4

205 3167 270 3227 71111.
295 3159 330 3215 cf.
349 3160 421 3217 plat.
445 3159 526 3228 Apol.
551 3159 625 3214 Socr.
646 3177 674 3227 p.
694 3165 764 3213 882:
793 3157 808 3212 ὁ
832 3157 863 3213 δὲ
883 3156 1066 3226 ἀνεξέστατος
1088 3161 1148 3233 βίος

130 3232 164 3286 οὐ
184 3230 283 3303 βιωτὸς
300 3231 452 3303 ἀνθρώπῳ.

203 3449 219 3497 3
239 3442 397 3497 άπεποοσιν
415 3441 448 3498 8.·
471 3459 540 3497 corr.
560 3442 589 3502 Β,
620 3444 629 3512 Ι
663 3446 696 3494 10
716 3441 787 3498 αὐτὰ
806 3442 839 3498 S:
862 3458 931 3497 οονν.
956 3441 1120 3496 Μιτίονιίιιε
1137 3443 1147 3512 η

131 3573 165 3622 12
185 3563 202 3634 ἢ
222 3565 252 3627 θ,
276 3532 693 3634 έτθίίονίαεεοῆιςίίακν.
713 3568 760 3632 13)
792 3568 803 3634 u
836 3571 868 3618 13
888 3563 1069 3687 (καλχοίιτω
1089 3564 1119 3624 80

949 3657 965 3706 χ
1181 3659 1185 3668 .
