2636 3930
108 222 167 276 (111,
181 224 214 275 ιι,
228 218 318 269 ο-ω)
425 209 578 263 Rumon
596 208 736 264 κοῖτον.
764 207 820 278 ιγ’.
1059 206 1125 272 285

108 374 180 436 ἔστι
203 371 267 454 γὰρ
289 379 335 458 τῷ
360 373 432 438 ὄντι
455 371 586 456 κομψὸν
607 370 645 436 τὸ
667 373 799 455 τεχνίον
818 368 944 449 ἐκλέξαι
966 370 1124 455 ὀνομάτια
1145 390 1179 440 26

108 474 167 542 καὶ
189 487 292 543 ταῦτα
315 483 493 543 συνθεῖναι
515 474 572 542 καὶ
593 480 805 563 παρελθόντα
823 476 955 563 εὐφυῶς
976 476 1126 562 ἀναγνῶ-

107 608 166 650 ναι
194 583 347 668 ἣέἐπεῖν
374 580 430 649 καὶ
457 581 577 668 μεταξὺ
605 581 897 667 ἀναγιγνώσκοντα
927 583 1126 670 ἐπιφθέγξα-

109 697 195 756 σθαι
216 690 267 756 ότι
290 688 432 767 ετούτοις
454 689 495 756 οὐ
520 687 640 756 πολλοὶ
662 690 823 756 δύνανται
845 695 1126 776 παρακολουθεῖν,

77 797 155 880 εμά
177 798 239 880 τὴν
261 794 424 882 ὑμετέραν
448 795 636 880 σωτηρίαν.

177 904 369 988 Φιλόσοφος
402 899 433 968 δ’
465 899 514 968 ἐπ’
551 902 711 987 ἀκρόασιν
743 907 940 990 παρακαλεῖς
971 940 1009 950 -
1041 900 1125 987 Οὐχὶ
1144 921 1177 971 2⁷

107 1004 139 1074 δ’
168 1009 213 1086 ὡς
235 1008 253 1074 ὁ
276 1009 370 1093 ἥλιος
392 1010 465 1093 ἀγει
488 1009 588 1087 αὐτὸς
611 1007 663 1096 ἐφ’
687 1007 805 1076 ἑαυτὸν
825 1010 887 1094 τὴν
910 1012 1048 1097 τροφήν,
1068 1009 1125 1075 οὕ-

106 1139 171 1193 τως
199 1113 236 1180 δέ
262 1112 319 1181 καὶ
346 1111 444 1194 οὗτος
467 1116 539 1199 ἀγει
562 1118 640 1194 τοὺς
663 1115 999 1202 ὠφεληθησομένουςς
1030 1127 1125 1194 ποῖος

108 1223 220 1309 ἰατρὸς
243 1227 437 1307 παρακαλεῖ,
460 1221 516 1286 ἵνα
538 1246 588 1299 τις
609 1219 666 1287 ὑπ’
694 1223 798 1290 αὐτοῦ
820 1229 1031 1310 θεραπευθῇγ
1055 1227 1125 1288 καί·

65 1354 93 1393 ιο
109 1352 162 1394 τοι
194 1338 259 1395 νῦν
291 1327 402 1412 ἀκούω
436 1327 487 1393 ότι
518 1325 574 1393 καὶ
606 1329 642 1393 οῖ
672 1326 779 1415 ἰατροὶ
808 1335 1059 1414 παρακαλοῦσιν
1088 1329 1104 1396 ἐ
1136 1343 1138 1348 “

102 1419 223 1520 Ῥώμῃ·
251 1437 340 1520 πλὴν
368 1433 416 1500 ἐπ’
449 1434 530 1519 ἐμοῦ
562 1441 819 1520 παρεκαλοῦντο.
871 1436 1060 1522 *παρακαλῶ
1089 1454 1125 1502 σε
1144 1454 1179 1503 28

110 1539 255 1607 ἐλθόντα
278 1542 431 1626 ἀκοῦσαι,
454 1541 504 1607 ότι
524 1557 577 1606 σοι
597 1553 705 1618 κακῶς
728 1541 796 1608 ἐστι
814 1540 870 1607 καὶ
888 1543 1023 1609 πάντων
1045 1548 1126 1628 μᾶλ-

109 1653 171 1713 λον
190 1646 326 1734 ἐπιμελῇ
349 1647 370 1733 ἢ
395 1642 436 1714 οὗ
459 1648 513 1712 δεῖ
534 1665 571 1712 σε
594 1645 822 1732 ἐπιμελεῖσθαι
844 1646 900 1713 καὶ
922 1648 973 1713 ότι
994 1647 1127 1732 ἀγνοεῖς

110 1755 151 1819 τὰ
174 1753 287 1838 ἀγαθοὶ
316 1753 372 1821 καὶ
395 1756 435 1820 τὰ
457 1755 541 1820 κατιά
564 1752 620 1820 καὶ
641 1756 852 1839 κακοδαίμων
875 1749 983 1821 εἶκαὶ
1006 1755 1126 1818 δυστυ-

69 1885 95 1924 ιε
110 1860 190 1946 mg?
235 1863 346 1947 κομψὴ
374 1861 587 1949 παράκλησις.
625 1858 687 1950 καὶ
713 1861 779 1946 μὴν
807 1860 849 1927 ἀν
878 1862 923 1946 μὴ
946 1869 1048 1926 ταῦτα
1071 1859 1126 1944 ἐμ-

109 1976 188 2053 ποιῇ
217 1968 236 2035 ὁ
263 1978 324 2035 τοῦ
353 1971 542 2055 φιλοσόφου
566 1971 681 2051 λόγος,
706 1970 825 2052 νεκρός
851 1967 920 2033 έστι
949 1965 1005 2032 καὶ
1027 1964 1127 2043 αὐτὸς

109 2071 202 2140 καὶὸ
226 2072 343 2158 λέγων.
379 2080 480 2140 εῖωθε
499 2072 646 2158 λέγεινὸ
665 2071 803 2160 Ῥοῦφος
827 2074 879 2140 *ελ
900 2073 1125 2158 εὐσχολεῖτε
1144 2089 1178 2139 29

110 2177 316 2246 ἐπαινέσαι
348 2203 408 2265 με,
442 2178 515 2262 ἐγὼ
548 2177 578 2244 δ’
616 2175 735 2244 οὐδέν
766 2178 890 2264 λέγω’.
945 2190 1126 2268 τοιγαροῦν

110 2285 217 2363 οὕτως
239 2289 363 2370 ἔλεγεν,
386 2283 471 2351 ὥσθ’
499 2284 638 2351 ἕκαστον
660 2285 754 2371 ἡμῶν
777 2290 970 2371 καθήμενον
994 2291 1126 2352 υῖεσθαι

69 2413 95 2453 νο
109 2391 160 2457 ότι
187 2393 236 2469 τίς
263 2413 341 2458 ποτε
370 2391 473 2457 αὐτὸν
508 2389 739 2477 διαβέβληκεν·
772 2392 877 2470 οὕτως
908 2393 1026 2476 ἥπτετο
1059 2403 1126 2458 τῶν

108 2495 311 2582 γινομένων,
342 2498 428 2564 οὕτω
459 2500 524 2582 πρὸ
557 2497 744 2583 ὀφθαλμῶν
778 2497 883 2564 ἐτόθει
913 2500 953 2564 τὰ
984 2495 1124 2564 ἑκάστου

107 2603 200 2668 κακά.
247 2606 391 2691 λατρεῖόν
414 2602 516 2688 ἐστιν,
539 2605 670 2688 ἀνδρες,
692 2607 730 2670 τὸ
754 2614 815 2672 τοῦ
838 2608 1027 2691 φιλοσόφον
1048 2621 1125 2690 σχο-
1144 2621 1179 2671 30

106 2713 210 2775 λεῖον·
246 2711 288 2777 οὐ
319 2711 372 2776 δεῖ
401 2707 566 2795 ἡσθέντας
596 2708 762 2796 ἐξελθεῖν,
794 2707 865 2777 ἀλλ’
902 2709 1120 2794 ἀλγήσαντες.

109 2819 245 2903 ἔρχεσθε
268 2818 331 2902 γὰρ
352 2816 413 2902 οὐχ
436 2817 552 2901 ὑγιεῖς,
575 2814 647 2883 ἀλλ’
671 2817 689 2884 ό
710 2814 772 2902 μέν
790 2811 882 2903 ὦμον
905 2815 1123 2902 ἐκβεβληκώς,

182 3051 214 3100 17
225 3061 285 3113 sqq.
305 3044 340 3100 οῖ.
358 3045 392 3101 Α.
411 3043 483 3100 GelL
501 3045 536 3101 N.
555 3045 587 3100 A.
606 3044 640 3113 V,
657 3053 686 3100 1:
715 3061 778 3100 cum
802 3045 1001 3115 philosophus,
1030 3044 1127 3113 inquit

110 3115 286 3186 (Musonius),
304 3114 435 3171 hortatur
452 3147 466 3156 -
479 3147 493 3156 -
505 3146 520 3156 -
534 3146 558 3184 -,
576 3118 651 3185 tum,
670 3115 720 3184 qui
738 3115 871 3186 audiunt,
896 3117 920 3171 εἰ
938 3148 952 3157 -
966 3148 977 3158 -
990 3148 1005 3158 -
1022 3116 1123 3170 laudes

113 3187 244 3242 effutiunt
262 3218 301 3227 --
313 3218 340 3255 -,
363 3189 426 3241 tum
451 3185 523 3240 scias
549 3189 579 3241 οῖ
601 3187 650 3255 qui
673 3186 744 3241 dicit
768 3187 864 3256 etqui
883 3187 1002 3241 audiunt
1020 3186 1127 3240 frustra

112 3274 182 3315 esse.
202 3289 234 3298 —
255 3257 290 3314 cf.
308 3259 458 3328 praeterea
476 3255 574 3314 Gnom.
594 3257 659 3313 Vnt.
675 3257 718 3314 ed.
739 3257 925 3314 Sternbache
945 3260 975 3312 et
994 3265 1054 3314 135.

113 3369 325 3380 ,-.-----

182 3441 197 3489 ι
217 3434 302 3498 atnoe
320 3435 366 3496 ω,
384 3433 509 3490 «mass
533 3436 542 3502 ιι
569 3433 621 3504 mv
639 3434 749 3506 τροφήν
769 3436 802 3492 s.-
820 3432 838 3503 ἢ
856 3433 949 3505 τοονῖ
968 3435 1015 3501 Su
1033 3433 1051 3502 ῖ
1067 3435 1128 3562 ρθ

109 3505 233 3596 τροφῄε
269 3507 280 3575 ΙΙ
315 3505 387 3576 ὃδὴ
407 3505 492 3562 δέλτα.
520 3509 541 3598 “ss
573 3511 616 3596 ,12
635 3506 691 3578 σολ]
711 3505 742 3562 ολ
757 3507 786 3568 θ,
821 3509 831 3577 ΙΙ
869 3513 901 3562 13
921 3503 954 3561 oh
972 3523 1000 3561 8:
1019 3507 1053 3560 οό

113 3577 183 3633 εδδ
215 3577 268 3634 del.
288 3575 389 3634 Οοταω
418 3580 429 3646 ss
461 3583 494 3632 19
514 3593 568 3632 ωστ
603 3577 755 3636 &com

1118 3507 1127 3578 λ
