2608 3928
148 225 222 282 (σεο,
232 240 249 269 ι.
258 228 318 270 ο-ι.
329 230 361 280 εο,
372 239 389 268 ι,
399 223 421 276 ε)
533 216 776 270 ΕΓΧΕΙΡΙΔΙΟΝ.
1096 213 1161 278 443

146 373 260 444 πράτῃν
282 372 437 444 προθύμως
463 371 539 442 ἥξεις
566 371 615 428 άτε
642 373 731 443 μηδὲν
757 381 813 428 τῖον
841 367 905 443 έξῆς
928 368 1161 444 έντεθυμῃμένος,

146 461 263 532 ύστερον
291 461 322 517 δέ
351 459 558 530 άναφανέντων
585 464 727 532 δυσχερῶν
754 481 840 517 τινων
863 460 981 533 αἰσχρῶς
1008 460 1161 534 ἀποστήσῃ.

118 548 242 614 σθέλεις
261 549 398 621 Ὀλύμπια
424 559 550 621 νικῆσαι;
578 552 664 620 κάχύ,
693 551 728 621 νὴ
756 551 821 614 τούς
847 551 947 614 θεούς·
975 552 1088 622 κομψὸν
1109 551 1197 621 χάρλ

148 636 231 696 έστιν.
269 640 340 695 ἀλλὰ
363 639 462 696 σκόπει
484 640 520 695 τά
538 640 742 711 καθῃχούμενα
761 639 810 694 καλ
827 640 862 695 τὰ
881 641 1028 696 ἀκόλουθα
1046 640 1096 695 καλ
1115 639 1162 694 ού-

146 750 198 792 τως
217 729 307 784 άπτου
325 737 374 783 τοῦ
395 726 485 799 έρχου.
523 731 572 785 δεῖ
585 727 612 784 σ’
634 730 786 798 εὐτακτεῖν,
805 730 1039 800 άναχκοτροφεῖν,
1058 728 1160 800 ἀπέχε-

148 822 218 873 σθαι
235 816 396 889 πεμμάτων,
415 817 609 888 γυμνάζεσθαι
626 819 696 888 πρὸς
714 817 851 888 άνάχκην,
871 814 902 874 έν
921 817 980 894 ὥρᾳ
998 815 1161 890 τεταγμένῃ,

148 901 179 962 έν
198 906 333 976 καύματι,
356 901 387 960 έν
406 906 500 977 ψύχει,
520 905 557 976 μὴ
576 907 687 977 ψυχρὸν
706 909 813 975 πίνειν,
832 906 869 976 μὴ
890 903 977 973 οἶνον,
1001 907 1038 969 ὡς
1056 904 1161 976 έτυχεν,

107 1011 134 1050 10
148 995 243 1058 ἁπλῶς
265 996 302 1059 ὡς
319 993 410 1068 [ἰατρῷ
428 993 665 1066 παραδεδωκέναι
688 996 807 1052 σεαυτὸν
824 1001 862 1068 τῷ
882 990 1029 1067 έπιστάτῃ,
1053 991 1113 1050 εἶτα
1131 989 1162 1049 έν

148 1089 186 1157 τῷ
209 1085 298 1154 άχῶνι
319 1085 562 1155 παρορύσσεσθαι,
587 1082 644 1139 έστι
667 1084 698 1140 δὲ
724 1084 769 1140 ὅτε
787 1092 867 1155 χεῖρα
887 1080 1029 1157 ἐκβαλεῖν,
1054 1084 1163 1154 σφυρὸν

149 1171 280 1243 στρέψαι,
299 1165 411 1243 ’πολλὴν
430 1172 509 1242 ἁφὴν
527 1179 690 1242 καταπιεῖν,
718 1170 782 1228 ἔσθ’
804 1171 849 1228 ὅτε
876 1176 1090 1243 μαστιχωθήναι
1113 1175 1162 1228 καλ

148 1261 217 1331 μετὰ
235 1261 341 1317 τούτων
360 1262 474 1317 πάντων
493 1265 657 1331 νικηθῆναι.
695 1271 784 1316 ταῦτα
807 1257 1043 1331 ἐπισκεψάμενος,
1067 1259 1103 1316 δν
1122 1259 1197 1320 έτι3

147 1349 244 1423 θέλῃς,
264 1349 347 1421 ἔρχου
367 1346 414 1406 έπῖ
432 1351 464 1406 τὸ
482 1351 593 1406 ἀθλεῖν.
630 1349 658 1404 εί
674 1350 706 1406 δὲ
725 1350 773 1422 μή,
796 1351 833 1414 ὡς
850 1350 885 1405 τά
903 1351 1005 1405 παιδία
1023 1350 1163 1420 ἀναστρα-

108 1453 133 1492 15
150 1438 235 1512 φήσῃ,
255 1439 274 1493 ἃ
292 1448 346 1494 νύν
364 1439 415 1510 μέν
434 1438 589 1501 παλαιστὰς
606 1441 713 1507 παίζει,
733 1448 786 1494 νύν
805 1439 836 1494 δέ
855 1438 1040 1511 μονομάχους,
1059 1448 1112 1494 νῦν
1131 1439 1162 1493 δὲ

149 1532 283 1596 σαλπίζει,
303 1526 363 1583 εἶτα
381 1529 522 1601 τραγῳδεῖ
525 1547 530 1558 ·
555 1527 626 1583 ούτω
644 1528 694 1583 καῖ
712 1529 746 1582 σύ
765 1537 818 1583 νῦν
837 1528 887 1598 μέν
906 1527 1040 1597 άθλῃτής,
1059 1537 1111 1582 νῦν
1130 1527 1161 1582 δέ

148 1617 315 1694 μονομάχος,
336 1615 395 1672 εἷτα
415 1614 513 1688 ῥήτωρ,
533 1614 594 1671 εἶτα
612 1600 775 1686 φιλόσοφος,
797 1615 846 1688 ὅλῃ
865 1615 896 1670 δὲ
915 1625 948 1686 τῃ
967 1624 1044 1687 ψνχῃ
1064 1613 1161 1670 ούδέν·

149 1703 211 1762 ἀλλ’
232 1708 269 1770 ὡς
290 1708 415 1775 πίθηκος
439 1714 534 1760 πᾶσαν
556 1703 644 1774 θέαν,
670 1703 705 1772 ἣν
730 1704 765 1758 διν
790 1706 865 1776 ίδῃς,
892 1712 962 1776 μιμῃ
981 1705 1030 1758 καῖ
1048 1705 1113 1759 άλλο
1133 1700 1162 1771 έξ

149 1795 234 1852 άλλου
258 1812 302 1850 σοι
325 1793 444 1866 ἀρέσκει,
488 1795 521 1849 ού
550 1793 603 1864 γὰρ
626 1792 697 1865 μετὰ
721 1792 845 1863 σκέψεως
867 1786 954 1863 ἦλθες
978 1788 1028 1847 έπί
1046 1813 1074 1847 τι
1096 1792 1162 1847 ούδέ

108 1899 135 1938 20
149 1883 347 1954 περιοδεύσας,
380 1878 442 1938 ἀλλ’
472 1882 533 1954 εἰκῇ
562 1882 610 1938 καλ
637 1882 710 1937 κατὰ
737 1881 851 1952 ψυχρὰν
879 1877 1045 1953 έπνθυμίαν.
1091 1880 1198 1940 ούτω4

147 1974 325 2044 θεασάμενοί
344 1992 418 2035 τινες
441 1971 598 2041 φιλόσοφον
620 1971 669 2027 καῖ
694 1971 865 2034 ἀκούσαντες
884 1971 956 2026 ούτω
974 1971 1050 2032 τινὸς
1068 1972 1162 2040 λέῃον-

147 2082 207 2129 τος,
234 2063 271 2126 ὡς
295 2060 448 2131 Εὐφράτης
471 2059 545 2130 λέχει
568 2062 672 2130 (καίτοι
694 2063 736 2122 τίς
759 2058 830 2115 ούτω
853 2060 974 2115 δύναται
1000 2058 1102 2128 εἰπεῖν,
1127 2061 1163 2122 ὡς

149 2145 289 2218 έκεῖνοςς),
320 2149 438 2205 θέλουσι
465 2149 513 2204 καλ
542 2149 622 2204 αὐτοὶ
648 2154 824 2218 φιλοσοφεῖν.
871 2149 1020 2219 άνθρωπε,
1052 2159 1197 2219 πρῶτονὸ

148 2233 309 2307 ἐπίσκεψαι,
329 2237 428 2294 ὁποῖόν
448 2234 506 2293 έοτι
523 2238 554 2292 τδ
573 2246 701 2308 πρᾶγμα·
724 2237 784 2292 εἶτα
803 2238 851 2292 καλ
869 2238 920 2307 τὴν
939 2247 1057 2293 σεαυτοῦ
1077 2239 1163 2308 φύσιν

106 2339 133 2380 εσ
148 2326 312 2398 κατάμαθε,
345 2326 372 2382 εἰ
398 2327 520 2382 δύνασαι
544 2325 689 2399 βαστάσαι.
735 2325 894 2389 πένταθλος
921 2324 996 2381 εἶναι
1023 2327 1118 2400 βούλει
1144 2323 1161 2394 ἢ

148 2415 315 2482 παλαιστής,
336 2417 379 2470 ίδε
399 2423 518 2471 σεαυτού
533 2417 597 2478 τούς
612 2417 772 2487 βραχίονας,
782 2416 855 2478 ’τούς
869 2415 982 2486 μηρούς,
1000 2415 1052 2484 τὴν
1071 2415 1162 2483 ὀσφύν

220 2600 236 2647 3
254 2591 331 2662 ἥξεις
349 2594 382 2660 Υ,
396 2611 422 2661 υ,
436 2593 496 2647 Νῖῖ.
512 2592 626 2660 (Βῖεε.)
644 2591 738 2660 ῃύξεις
752 2593 779 2646 Β
794 2599 819 2647 et
834 2591 931 2659 οου,
949 2592 1042 2660 άρξεις
1062 2590 1085 2646 0
1099 2609 1162 2655 ιωι.,·

149 2662 220 2732 ἕξεις
238 2665 267 2719 A
283 2682 331 2720 κω.
350 2666 395 2730 (de
409 2664 437 2718 A
451 2665 498 2719 alt.
518 2670 588 2718 tacet
601 2663 698 2731 θάνω.)
723 2666 732 2734 ΙΙ
755 2671 771 2716 4
786 2665 928 2733 δυσχερῶν
942 2682 1027 2717 τινων
1045 2662 1163 2733 αἰσχρῶς
1193 2673 1197 2678 ’

153 2737 241 2826 ΥΥψίβτ
260 2743 346 2790 τινῶν
365 2734 487 2805 αἰσχρῶν
505 2735 594 2790 Εκοίι.
613 2733 702 2803 (Νῖῖ.,·
725 2733 846 2805 αίσχρῖον
869 2753 954 2824 τίνων
976 2733 1012 2798 V)
1047 2736 1056 2805 ΙΙ
1092 2735 1163 2788 άπο-

147 2805 444 2949 συνεκκάει
465 2805 746 2946 λοεξλκκ
759 2803 1163 2946 διαλάμψαι

147 2949 236 3004 Ενιοίι.
259 2949 347 3017 (Νῖί.,·
365 2949 439 3004 unde
458 2945 498 3010 εἰς
519 2947 568 3002 τὸν
588 2947 684 3016 ἀγῶνα
709 2947 795 3004 Ουνι.
816 2948 884 3016 (10,-
905 2946 1083 3017 παρέχεσθαι
1106 2948 1163 3002 AB

147 3023 217 3090 εῖυῃ.
255 3023 264 3090 Ι)
300 3013 429 3092 έκβαλεῖν
453 3019 515 3088 λίῃῖ.
535 3037 548 3074 ο
567 3020 647 3087 ἀύσω,
666 3019 761 3110 βαλεῖν
780 3018 835 3073 ΑΟ
849 3021 919 3090 σι’ωῃ.
939 3019 1040 3087 (Νιλ.),·
1066 3020 1162 3110 λαβεῖν

148 3090 201 3159 Β’,·
225 3092 339 3164 βλαβεῖν
360 3090 446 3145 Οκω.
474 3092 483 3158 ΙΙ
513 3095 545 3143 12
566 3087 664 3143 έστιδ
697 3088 742 3144 ὅτε
762 3089 848 3144 οου.
869 3091 922 3158 (V)
959 3095 969 3160 ΙΙ
1007 3097 1038 3143 13
1057 3109 1163 3144 τουτων

149 3161 223 3216 Nil„-
246 3170 301 3215 τῶν
324 3161 413 3218 Ιύυολι.
436 3166 556 3231 (praeter
580 3159 675 3227 θωνα,
698 3163 747 3230 qui
768 3162 848 3216 habet
870 3160 939 3230 μετὰ
962 3169 1051 3216 ταῦτα
1069 3159 1163 3214 πάντα

148 3250 209 3288 cum
228 3232 279 3300 Υ),·
297 3232 451 3288 (mmm.
479 3235 488 3302 ΙΙ
516 3247 541 3288 ε.
560 3231 590 3287 8.
618 3239 706 3285 ταῦτα
726 3230 862 3304 <πάντα>
882 3232 906 3287 0
921 3250 968 3287 ωκ.
988 3235 1028 3298 (υ)
1059 3233 1068 3301 ss
1100 3230 1160 3285 ἀλλ’

149 3301 190 3356 έτι
209 3298 351 3374 έθέλῃςΒ
369 3303 433 3372 σίας
451 3321 501 3358 om.
515 3304 581 3358 λαις
594 3305 651 3357 tria
663 3304 745 3358 verba
759 3303 786 3357 Β
801 3305 847 3358 alt.
862 3305 915 3366 (ed.
936 3302 1015 3362 Hal.)
1042 3305 1051 3372 ΙΙ
1080 3308 1113 3356 18
1127 3299 1163 3369 ἣν

149 3371 186 3426 ἂν
207 3372 230 3427 0
239 3390 301 3428 ιωι..·
321 3367 372 3428 έδιν
387 3374 413 3428 A
431 3391 479 3428 υυ.
496 3374 569 3442 (Υυς
586 3374 674 3442 Νῖῖ.),·
693 3372 730 3428 δν
744 3380 802 3430 cett.
816 3371 862 3445 (ἣν
877 3376 918 3430 ed.
933 3374 1013 3442 Ηοῖ.)
1035 3377 1045 3442 ΙΙ
1070 3361 1101 3427 {9
1117 3367 1168 3428 έπί

149 3444 189 3514 τι]
210 3439 256 3498 έπλ
274 3443 392 3513 τούρχον
417 3445 528 3509 οου(
534 3444 569 3515 Υ)
607 3447 616 3512 ΙΙ
653 3450 687 3499 20
710 3445 893 3515 περιοδεύσας
916 3445 1060 3515 Αθιείκῃ.
1081 3444 1163 3511 (Υυ).·

148 3515 339 3584 περιύδευσας
365 3521 423 3570 cett.
451 3515 536 3583 (Nil.)
581 3519 590 3586 ΙΙ
632 3530 656 3571 Β.
675 3515 704 3571 4.
746 3521 779 3570 22
808 3517 845 3579 ὡς
872 3515 1024 3586 Εύφράτῃς
1052 3514 1133 3581 Wolf
1150 3531 1164 3569 e

149 3587 227 3641 ἀίων..-
248 3585 284 3648 ὡς
303 3582 334 3639 εύ
353 3584 505 3655 Σωκράτης
523 3587 610 3643 Ενωλι.
631 3588 678 3656 (ὡς
696 3583 728 3642 εύ
747 3607 788 3651 τις
808 3596 904 3656 σοφῶν
923 3587 995 3654 Nil.)
