2626 3924
168 151 235 214 344
317 151 500 204 ΑΡΡΙΑΝον
517 151 591 204 ΤΩΝ
609 151 828 203 mmor
845 151 1040 204 ΔΙΑΤΡΙΒΩΝ

169 321 313 394 νεγκεῖν·
341 308 412 375 ἀλλ’
440 309 584 394 ἀνάγκη,
606 312 758 377 καθόσον
781 309 906 376 ἄντοῦ
929 307 1043 396 ἑτέρου
1066 334 1192 376 κοινω-

133 426 241 502 ννῇς,
264 415 506 482 ἀπολείπεσθαί
530 414 559 481 d
587 415 624 481 ἐν
646 415 790 506 θατέρῳ.
836 416 877 481 οὐ
901 417 1042 482 δύνασαι
1065 417 1111 499 μὴ
1135 420 1192 480 κί-

168 546 240 588 νοον
267 519 342 606 μεθ’
374 515 421 587 ὧν
448 524 557 599 ἔπινες
584 522 707 606 ὁμοίως
739 522 823 606 ἡδὺς
850 523 962 599 αὐτοῖς
988 525 1190 606 φαίνεσθαι·

170 627 248 695 ἑλοῦ
281 621 359 713 οὖν,
389 630 530 715 κότερον
562 629 731 712 μεθυστὴς
762 623 849 694 εἶναι
880 626 991 704 θέλεις
1016 625 1073 692 καί
1101 627 1191 710 ἡδὺς

170 733 310 811 ε’κείνοις
335 732 357 817 ἢ
386 736 506 817 νήφων
529 733 643 817 ἀηδής.
688 733 730 798 οὐ
754 733 897 798 δύνασαι
919 734 964 817 μὴ
988 731 1080 819 ᾄδων
1104 729 1186 816 μεθ’
1216 753 1229 792 ⁵
1290 773 1291 776 =

171 835 219 906 ὧν
245 833 324 927 ᾖδες
352 840 474 923 ὁμοίως
500 842 674 924 φιλεῖσθαι
701 836 756 903 ὑπ’
785 839 908 904 αὐτῶν·
937 836 1016 904 ἑλοῦ
1044 833 1107 902 οὖν
1131 837 1190 903 καί

135 945 335 1029 εένταῦθα,
361 948 503 1032 κότερον
530 943 650 1021 θέλεις.
696 946 728 1009 εί
753 946 816 1030 γὰρ
844 953 999 1029 κρεῖσσον
1025 945 1064 1008 τὸ
1091 945 1190 1026 αἰθή-

171 1075 257 1136 μονα
280 1047 368 1115 εἶναι
390 1047 445 1114 καὶ
467 1052 608 1133 κόσμιον
631 1059 692 1115 τοῦ
714 1051 819 1114 εἰπεῖν
837 1072 912 1114 τινα
935 1047 1029 1132 εἡδὺς
1051 1049 1191 1132 ἄνθρω-

171 1155 256 1238 πος’,
278 1157 360 1240 ἄφες
382 1155 422 1219 τὰ
445 1153 554 1242 ἕτερα,
582 1154 773 1238 ἀκόγνοοθι,
802 1154 1051 1239 ἀποστράφηθι,
1079 1152 1190 1238 μηδέν

135 1279 153 1328 9
172 1277 227 1326 σοι
249 1258 304 1324 καὶ
327 1259 448 1336 αὐτοῖς.
493 1262 525 1325 εί
546 1257 584 1327 δὲ
606 1262 651 1346 μὴ
675 1257 785 1347 ἀρέσει
807 1269 924 1344 ταῦτα,
952 1258 1028 1337 ὅλος
1050 1259 1189 1326 ἄπόκλι-
1204 1280 1230 1319 ιο

171 1389 234 1431 νον
262 1363 314 1430 ἐπὶ
342 1363 511 1432 τάναντία·
543 1375 645 1451 γενοῦ
673 1357 721 1442 εἷς
747 1376 815 1431 τῶν
836 1367 1013 1449 κιναίδων,
1044 1357 1092 1443 εἷς
1119 1377 1190 1432 τῶν

173 1481 300 1556 μοιχῶν
322 1469 377 1537 καὶ
399 1476 487 1537 ττοίει
515 1473 555 1537 τὰ
585 1470 658 1556 ἑξῆς
688 1469 744 1536 καὶ
770 1471 867 1558 τεύξη
896 1466 944 1537 ὧν
965 1470 1085 1549 θέλεις.
1131 1469 1190 1536 καὶ

121 1596 156 1646 10
175 1577 356 1662 ἀναπηδῶν
375 1576 589 1661 ἐκικραύγαζε
608 1585 653 1665 τῷ
673 1577 826 1664 ὀρχηστῇ.
871 1576 1015 1661 θιοίφορα
1039 1572 1068 1640 0⁰
1097 1576 1188 1642 οὕτω

171 1686 333 1770 κρόσιοτια
356 1683 397 1749 οὐ
420 1685 588 1766 μίγνυται·
613 1682 653 1748 οὐ
677 1683 819 1747 δύνασαι
842 1679 897 1747 καὶ
919 1683 1081 1768 Θερσίτην
1105 1683 1190 1748 ὑκο-

172 1792 354 1874 κρίνασθαι
380 1785 435 1853 καὶ
461 1785 700 1872 Ἀγαμέμνονα.
750 1787 793 1852 ἂν
824 1791 982 1873 Θερσίτης
1008 1782 1096 1852 εἶναι
1128 1787 1189 1852 θέ-
1203 1805 1229 1846 1⁵

173 1900 248 1978 λης,
275 1895 398 1978 κυρτόν
426 1909 463 1957 σε
486 1887 573 1958 εἶναι
596 1894 662 1977 δεῖ,
684 1885 869 1978 φαλακρόν·
898 1891 940 1958 ἂν
959 1889 1188 1977 Ἀγαμέμνων,

174 1996 279 2082 μέγαν
302 1993 357 2062 καί
378 1999 482 2063 καλὸν
504 1995 560 2063 καὶ
582 2001 660 2075 τοὺς
682 1995 967 2084 ὑποτεταγμένους
988 2003 1163 2084 φιλοῦντα.

311 2292 355 2379 γ’.
396 2301 491 2363 Τίνα
514 2300 633 2363 τίνων
656 2295 1046 2363 ἀντικαταλλακτέον.

140 2458 156 2506 1
240 2434 366 2505 Ἐκεῖνο
398 2441 575 2524 πρόχειρον
603 2440 671 2522 ἔχε,
704 2436 783 2503 ὅταν
814 2440 904 2514 τινὸς
932 2436 1094 2524 ἀκολείκη
1122 2449 1192 2505 τῶν

177 2541 280 2627 ἐκτός,
307 2547 343 2609 τί
362 2541 432 2609 ἀντ’
461 2545 564 2610 αὐτοῦ
586 2551 754 2629 περικοιῇ·
777 2541 841 2608 κᾶν
863 2536 885 2629 ᾖ
906 2547 1060 2620 πλείονος
1082 2542 1191 2629 ἄξιον,
1205 2566 1232 2606 νο

141 2669 158 2717 2
177 2645 332 2732 μηδέποτ’
359 2655 452 2734 είκης
474 2648 525 2713 ὅτι
547 2645 758 2731 εἐζημίωμαί.
804 2644 877 2712 οὐδ’
900 2645 986 2732 <ὂὶν>
1008 2645 1081 2713 ἀντὶ
1106 2650 1190 2714 ὄνου

177 2753 295 2834 ἵκκον,
322 2750 395 2817 οὐδ’
422 2750 495 2818 ἀντὶ
517 2751 685 2838 προβάτου
708 2756 809 2837 βοῦν,
832 2749 904 2820 οὐδ’
932 2750 1007 2818 ἀντὶ
1029 2750 1191 2839 κέρματος

177 2855 297 2942 πρᾶξιν
324 2859 445 2942 καλήν,
476 2855 548 2924 οὐδ’
579 2855 654 2924 ἀντὶ
685 2856 907 2942 ψυχρολογίας
938 2857 1081 2944 ἡσυχίαν
1113 2860 1189 2926 οἵαν

142 2985 160 3033 3
179 2964 240 3045 δεῖ,
264 2960 335 3028 οὐδ’
359 2961 432 3028 ἀντὶ
451 2966 681 3050 αἰσχρολογίας
699 2965 790 3029 αίὸῶ.
836 2965 963 3031 τούτων
982 2962 1190 3049 μεμνημένος

251 3142 285 3190 14
295 3154 335 3204 sq.
355 3137 389 3192 ef.
409 3137 542 3192 Demadis
562 3137 778 3209 apophthegmaj
796 3136 872 3206 apud
889 3137 971 3192 Diod.
986 3137 1041 3194 Sic.
1055 3137 1129 3207 XVI,
1144 3144 1190 3196 87.

254 3283 286 3330 10
305 3275 399 3344 ἀρέσει
418 3276 463 3335 Se:
482 3249 563 3346 αἴρει
585 3294 615 3331 τε
630 3277 664 3342 8,·
687 3276 713 3330 τ’
734 3275 845 3346 ἀρέσκει
861 3277 973 3343 Corae&
1000 3276 1096 3348 ἀρέτει
1113 3278 1189 3352 <σε>

181 3347 210 3402 0.
226 3346 354 3412 Schenkl;
372 3363 410 3399 αα
424 3344 502 3416 αἱρεῖ
516 3347 569 3402 os?
595 3352 605 3415 ΙΙ
633 3354 665 3402 16
686 3343 827 3418 <φοξόν,>
846 3347 992 3418 φαλακρόν
1011 3349 1112 3414 θοίνας
1134 3369 1189 3417 φα-

180 3413 459 3557 χοχιχχὸνίπξκαὲοχχθς
481 3425 655 3487 προεστῶτας
679 3417 882 3488 λοιδοροῦντα)
905 3418 931 3473 0.
951 3419 1065 3474 Schenkl
1104 3422 1115 3488 ΙΙ
1154 3425 1188 3474 21
