2588 3914
524 207 686 262 STOBAEI.
1047 209 1113 272 467

463 406 495 454 18
519 400 619 469 (Schw.
639 399 671 455 fr.
691 401 746 469 ιι).

171 523 229 586 Τὰς
256 522 376 592 σιτήσεις
402 532 486 579 ποιοῦ
513 523 551 594 μὴ
574 527 732 586 πολυτελεῖς
758 525 807 579 καλ
830 527 1014 596 σκυθρωπάς,
1042 527 1113 582 ἀλλὰ

88 611 225 682 λαμπρὰς
251 612 300 666 καί
328 614 458 681 εὐτελεῖς,
489 614 536 667 ἵνα
559 612 627 683 μήτε
655 613 705 668 διδι
732 613 767 668 τδι
795 604 937 684 σωματικὰ
964 615 997 669 αἱ
1021 616 1112 685 ψυχαί

87 700 287 770 ταράττονται
310 700 378 772 μήτε
397 701 617 771 φενακιζόμεναι
639 702 709 772 πρὸς
732 711 788 758 τῶν
806 702 917 771 ἡδονῶν
945 712 1000 758 τῶν
1019 723 1113 775 σωμα·

88 798 180 844 τικῶν
195 788 374 860 δλιχαιρῶσιν·
394 785 460 844 ἐπεί
469 810 513 845 τοι
527 789 698 863 βλάπτονται
711 799 861 860 τρυφῶντα
875 791 927 862 μὲν
940 794 1111 863 παραυτίκα,

61 886 237 933 σνοσοῦντα
256 877 287 933 δὲ
307 876 436 940 εἰσαῦθις
454 878 489 933 τδι
508 880 629 950 σώματα.

169 982 486 1054 ωακψυω.

460 1179 743 1251 ιηωακψ

168 1302 313 1372 Φρόντιζε,
333 1301 407 1364 ὅπως
426 1320 455 1358 σε
474 1303 511 1374 μὴ
530 1303 565 1358 τδι
584 1299 616 1358 έν
634 1311 667 1374 τῇ
686 1303 784 1375 χαστρλ
808 1306 882 1360 σιτία
904 1303 1018 1378 πιαίνῇ,
1043 1305 1106 1361 ἀλλ’

92 1389 111 1457 ἡ
137 1385 169 1445 έν
192 1398 225 1461 τῇ
249 1397 327 1460 ψυχῇ
355 1391 508 1461 εὐφρασία·
542 1386 603 1445 έπεί
632 1391 667 1444 τδι
695 1391 745 1462 μὲν
776 1393 1029 1466 ἀποσκυβαλίζεται
1060 1395 1109 1449 καλ

93 1485 229 1547 συνεκρεῖ
242 1477 256 1532 ὁ
275 1484 294 1547 †
313 1476 440 1547 ἔπαινος,
464 1479 481 1548 ἡ
501 1477 546 1547 δέ,
566 1478 656 1549 κδνῇ
680 1479 757 1550 ψυχῇ
776 1485 916 1552 χωρισθῇ,
936 1481 1109 1547 διαπαντὸς
1190 1488 1193 1496 ’

92 1565 236 1637 ἀκήρατος
253 1565 340 1637 μένει.

167 1671 484 1744 ῌαΗαυΜι

460 1873 494 1921 20
517 1867 617 1935 (Schw.
637 1867 677 1950 fr.¹
690 1871 744 1938 31).

162 1988 211 2045 Ἐν
233 1997 295 2054 ταῖς
318 1985 455 2046 έστιοίσεσι
478 1989 615 2063 μέμνησο,
645 1989 687 2046 ὅτι
710 1991 762 2046 δύο
785 1989 924 2066 ὑποδέχῃ,
953 2003 1031 2064 σῶμα
1059 1995 1109 2049 καὶ

94 2077 202 2149 ψυχήν,
225 2079 274 2133 καλ
292 2078 308 2134 δ
326 2100 353 2134 τι
371 2078 408 2135 δν
426 2086 463 2152 τῷ
482 2081 588 2150 σώματι
607 2082 669 2153 δῷς,
688 2089 770 2136 τοῦτο
790 2082 878 2144 εὐθὺς
896 2077 1022 2152 ἐξέχεας,
1047 2081 1062 2138 ὅ
1080 2104 1107 2137 τι

95 2164 123 2220 δ’
144 2165 179 2220 διν
197 2176 230 2238 τῇ
249 2176 336 2240 ψυχῇ,
355 2167 404 2222 διδι
421 2168 528 2232 παντὸς
546 2174 646 2240 τηρεῖς.

165 2281 189 2342 1,
210 2280 261 2328 144
278 2273 312 2328 Η.
338 2277 373 2342 (5,
394 2279 427 2328 96
446 2273 504 2342 M.).
537 2305 570 2314 -
602 2276 769 2343 Μοσχίωνος
795 2275 867 2330 haee
895 2276 1037 2331 sententia
1064 2275 1106 2330 in-

96 2343 227 2397 scribitur
248 2343 279 2396 in
301 2343 419 2398 Maximi
444 2343 504 2399 cod.
530 2343 651 2400 Vindob.
675 2346 760 2402 theol.
782 2352 832 2400 128
856 2346 922 2416 (etsi
946 2363 960 2401 e
984 2347 1106 2402 Stobaeo

96 2415 191 2481 διιολος
210 2415 245 2469 cf.
266 2415 334 2470 ‘Die
352 2416 431 2485 ερίίιι.
452 2414 577 2485 Γναρικί
598 2433 625 2485 p.
644 2420 676 2471 ⁷5
696 2417 795 2488 [515]).

456 2633 489 2680 21
513 2625 613 2697 (Schw.
632 2626 666 2680 fr.
685 2630 740 2695 32).

164 2749 213 2819 Μὴ
243 2749 415 2820 συγκεράσας
438 2748 496 2820 ἅμα
519 2748 606 2820 ὀρχῇν
630 2752 794 2825 πολυτελείᾳ
817 2749 1012 2825 προσενέγκῃς.
1053 2773 1107 2808 πο-

97 2837 217 2894 λυτέλεια
236 2836 288 2909 μέν
307 2833 492 2908 έμυιῇδήσασα
510 2842 547 2909 τῷ
562 2837 668 2906 σώματι
681 2835 741 2907 μετ’
760 2839 792 2892 οδ
811 2839 883 2893 πολδ
902 2840 1020 2908 οίχεται,
1039 2839 1104 2909 ῇδὲ

98 2927 161 2996 ὀρχῇ
180 2923 284 2982 ἐνδῦσα
302 2934 336 2998 τῇ
354 2933 432 2996 ψυχῇ
447 2919 494 2980 ἐπὶ
512 2925 543 2980 τὸ
563 2925 696 2996 μήκιστον
714 2924 799 2996 μένει.
828 2926 927 2982 σκόπει
945 2937 1104 2999 τοιγαροῦν,

166 3143 207 3191 18.
241 3139 444 3209 1πολυτελεΐς]
469 3134 622 3208 ἀνειμένας
641 3139 681 3193 Tr
720 3141 730 3208 ΙΙ
771 3137 897 3212 2<καλ>
915 3139 1043 3211 λαραιρδις
1061 3141 1106 3206 A,-

99 3208 183 3281 <καλ>
202 3205 299 3279 λλαρδις
318 3209 442 3264 Mainake
468 3211 477 3277 ΙΙ
505 3217 521 3263 3
540 3208 623 3334 nobs)
642 3208 691 3262 καὶ
711 3209 750 3263 Tr
768 3210 829 3279 (om.
848 3209 916 3280 μήτε
935 3217 998 3266 υαιιι
1017 3230 1104 3279 φενα-

100 3279 247 3350 κιζόμεναι)
279 3281 288 3348 ΙΙ
325 3274 389 3333 έπεί
403 3299 447 3334 τοι
466 3279 579 3336 Jacobs:
615 3299 698 3334 πειτα
717 3281 794 3336 codd.

166 3357 206 3405 19.
240 3354 255 3403 1
274 3350 374 3422 πιαίνῇ
393 3351 474 3405 Max.
493 3368 507 3406 e
525 3352 609 3406 τιτλε
628 3345 730 3421 ἐπαινῇ
749 3351 841 3408 οοιίδ..·
864 3346 966 3424 ίπαίρχ
985 3352 1104 3408 δυίιοιοίι

100 3423 168 3478 codd.
192 3423 262 3490 duo;
287 3422 361 3476 κικίυ
383 3428 500 3491 apparet
524 3419 639 3484 ἔπαινος
661 3439 765 3492 quoque
787 3431 946 3495 οουκυῇικυι
964 3439 1030 3492 esse,
1049 3440 1104 3494 pro

100 3510 146 3565 quo
163 3491 199 3555 ὡς
218 3490 232 3545 ὁ
253 3488 319 3563 όοῦς
341 3493 385 3559 Tr,
405 3508 452 3563 τρο
470 3494 565 3548 malim
582 3492 703 3562 πιασμίς

163 3571 206 3619 21.
234 3568 250 3618 2
268 3562 420 3632 πηδήσασα
439 3565 529 3619 νοτίδι
548 3580 615 3620 corr.
635 3563 730 3620 Halm.

888 3654 942 3709 ³0*
