2588 3914
224 202 256 254 C.
280 198 551 253 GNOMOLOGIUM
569 200 800 252 EPIOTETEUM
819 200 980 254 STOBAEI.
1048 198 1112 264 461

591 1102 628 1169 G.

103 1244 181 1320 GN
184 1244 503 1322 OMOLOGIUM
523 1244 862 1320 EPICTETEUM
884 1244 1117 1320 STOBAEI.

560 1439 664 1446 ——.-.

170 1573 350 1642 Sententiae,
374 1591 447 1644 quae
465 1575 519 1630 hoc
538 1573 676 1644 florilegio
696 1574 889 1644 continentur,
913 1575 968 1630 etsi
985 1575 1118 1644 Epicteto

104 1658 157 1698 eas
175 1645 279 1703 diserte
297 1645 400 1702 tribuit
418 1646 564 1714 Stobaeus,
583 1650 680 1701 tamen
698 1643 787 1715 ipsius
801 1643 927 1714 Epicteti
939 1645 1033 1700 verbis
1052 1646 1118 1700 dde·
1206 1699 1212 1708 ,

105 1713 172 1770 liter
195 1719 313 1774 servatis
337 1735 352 1773 e
376 1734 534 1772 sermonum
552 1716 763 1786 Epicteteorum
788 1714 870 1769 libris
893 1718 1040 1785 excerptas
1062 1733 1119 1771 non

107 1801 169 1840 esse
186 1789 277 1859 primo
297 1789 417 1859 quisque
436 1789 539 1843 obtutu
556 1787 640 1842 facile
655 1786 812 1855 intelleget,
831 1786 998 1855 praesertim
1012 1786 1037 1840 si
1056 1804 1120 1841 cum

106 1855 272 1928 fragmentis
291 1859 421 1931 genuinis
440 1859 658 1930 comparaverit;
683 1857 754 1912 adeo
777 1857 853 1912 enim
871 1858 944 1912 intm
963 1874 992 1912 se
1012 1857 1119 1912 similes

107 1934 179 1998 sunt,
198 1935 231 1986 ut
249 1931 346 1988 statim
360 1930 544 1986 manifestum
562 1931 613 1984 fiat
629 1935 686 1998 eas,
705 1929 900 1997 undecumque
918 1928 1026 2000 petitae
1045 1932 1120 1998 sunt,

107 2002 236 2059 consulto
250 2003 361 2058 relictas
376 2005 461 2070 atque
476 2002 616 2072 expolitas
631 2017 693 2056 esse
706 2001 741 2055 ab
755 2000 839 2055 huius
854 2000 980 2070 syllogae
996 2003 1119 2067 auctore,

107 2068 192 2139 inque
210 2091 274 2129 eam
291 2073 412 2129 formam
429 2073 572 2142 redactas,
597 2089 669 2140 quae
693 2073 776 2126 decet
793 2070 865 2126 talia
883 2071 1065 2142 gnomologia
1083 2071 1120 2126 ad

107 2157 198 2198 mores
212 2145 401 2200 emendandos
416 2144 581 2215 composita.
610 2147 641 2197 at
654 2143 767 2212 longius
783 2143 870 2197 etiam
885 2143 1121 2214 progrediendum

108 2227 212 2282 easque
244 2218 357 2271 omnino
384 2215 516 2285 Epicteto
547 2214 750 2269 abiudicandas
778 2231 840 2269 esse
867 2213 913 2267 his
939 2214 1120 2285 potissimum

109 2286 282 2354 argumentis
296 2285 367 2340 mihi
380 2286 573 2356 persuadetur.
598 2301 631 2338 ac
640 2285 763 2354 primum
772 2284 887 2352 quidem
895 2303 1008 2355 prorsus
1018 2283 1120 2339 mirum

108 2359 191 2425 esset,
210 2357 235 2410 si
253 2357 283 2410 in
301 2360 361 2410 tam
378 2373 482 2427 magno
496 2356 658 2437 eclogarum
674 2371 789 2409 numero
803 2372 840 2410 ne
854 2373 911 2409 una
924 2354 1038 2423 quidem
1056 2372 1121 2409 cum

110 2424 341 2482 dissertationum
359 2427 439 2482 libris
459 2430 579 2481 servat1s
599 2425 687 2480 artius
708 2427 885 2496 cohaereret,
909 2425 935 2480 si
951 2442 982 2480 re
1000 2442 1068 2481 vera
1086 2443 1121 2480 ex

108 2495 158 2551 illo
176 2497 255 2552 fonte
273 2497 382 2568 petitae
402 2502 504 2552 essent.
541 2514 607 2550 nam
631 2497 706 2564 quod
730 2499 927 2567 argumentum
951 2496 1067 2566 eclogae
1087 2505 1120 2552 lt

110 2583 173 2622 cum
192 2568 259 2623 diss.
278 2568 326 2637 ΠΙ,
342 2575 383 2638 14,
400 2574 432 2622 11
453 2572 482 2623 et
500 2567 591 2637 magis
606 2569 694 2623 etiam
708 2585 773 2623 cum
787 2568 874 2623 Ench.
889 2585 911 2622 c.
928 2574 962 2621 44
982 2568 1120 2637 convenit,

108 2637 180 2693 nihil
197 2641 283 2708 valet,
303 2639 436 2708 quoniam
456 2639 612 2694 similitudo
631 2638 690 2708 illa,
710 2655 782 2708 quae
800 2638 951 2707 unicuique
969 2638 1032 2694 loco
1046 2655 1120 2692 com-

109 2710 200 2766 munis
219 2714 270 2780 est,
290 2711 365 2766 inter
384 2710 507 2765 Socratis
525 2710 573 2764 vel
590 2710 736 2765 Plutarchi
754 2726 828 2778 quae
846 2709 974 2764 feruntur
993 2710 1121 2778 exempla

110 2780 251 2837 invenitur
265 2781 310 2851 (cf.
326 2782 405 2839 Stob.
418 2781 477 2837 flor.
495 2792 518 2851 1,
533 2785 592 2852 37);
613 2780 751 2836 eiusmodi
770 2784 866 2836 autem
885 2779 1121 2836 similitudinibus

110 2853 220 2922 saepius
243 2871 325 2908 usum
348 2869 408 2908 esse
432 2855 549 2907 constat
567 2869 638 2922 eum,
657 2851 707 2920 qui
724 2852 778 2907 hoc
797 2851 966 2923 florilegium
984 2851 1120 2908 condidit.

110 2928 227 3050 tutti
244 2924 451 3064 illidit?
465 2922 1121 3063 illustriss.{uallata

81 3085 82 3088 ¹
111 3064 231 3134 antiquis
254 3015 429 3136 tempoffbus
457 3064 599 3120 exstitisse
622 3065 766 3136 videntur,
795 3038 927 3120 hau’stam
954 3081 1024 3121 esse.
1068 3083 1122 3121 nec

110 3135 196 3204 pluris
215 3135 392 3192 aestimanda
410 3140 476 3191 sunt
495 3139 596 3205 estora,
621 3153 693 3206 quae
712 3140 742 3192 et
759 3137 827 3192 libri
845 3136 987 3206 Epictetei
1005 3137 1122 3207 genuini

111 3209 138 3260 et
159 3207 213 3262 hoc
235 3207 406 3277 florilegium
429 3207 589 3263 communia
613 3208 722 3263 habent
744 3210 829 3279 (quae
857 3211 966 3278 tamen,
993 3225 1029 3262 ne
1052 3206 1121 3276 quid

111 3277 200 3332 celere
218 3277 342 3347 viderer,
365 3278 498 3348 religiose
517 3279 655 3348 enotavi),
679 3279 750 3334 adeo
774 3283 841 3333 sunt
858 3278 1008 3334 tritissima
1026 3281 1055 3333 et
1074 3279 1120 3335 de-

111 3351 225 3403 cantata
242 3348 403 3431 unicuique,
422 3349 468 3403 cui
485 3349 532 3403 vel
545 3349 695 3432 mediocris
719 3349 863 3404 doctrinae
883 3350 994 3405 Stoicae
1017 3350 1122 3433 notitia

111 3420 884 3561 Ξιῖξρῗιῗέιῗὲὲ,“ξὲἓῖἔιῖῗῗέἓέ3ἳὲξῖῗὲιὲἱῖ
897 3421 1121 3562 taratra?

111 3561 207 3615 tentiis
229 3561 404 3630 contineant,
433 3565 529 3616 tamen
552 3563 723 3618 Moschionis
750 3581 854 3620 nomen
878 3580 947 3633 prae
974 3579 1004 3616 se
1026 3561 1122 3618 ferunt
