2636 3930
198 200 264 264 246
344 200 528 253 APPLANOT
545 199 620 252 ΤΩΝ
638 199 854 250 ΕΠΙΚΤΗΤΟΤ
872 199 1065 252 ΔΙΑΤΡΙΒΩΝ

158 419 161 424 ,
197 361 349 447 φλυάρει.
399 359 524 426 ἐσθίων
554 363 632 437 τοὺς
664 361 904 436 συνεσθίοντας
935 358 1071 446 ὠφέλει,
1102 363 1215 426 πίνων

197 470 276 544 τοὺς
302 470 474 549 πίνοντας,
501 472 600 532 είκων
626 475 721 547 πᾶσι,
749 477 973 553 παραχωρῶν,
1001 465 1215 553 ἀνεχόμενος,

198 574 304 650 οὕτως
327 573 448 650 αὐτοὺς
472 571 592 658 ὠφέλει
614 570 670 637 καὶ
693 574 737 657 μη
761 571 915 659 κατεξέρα
937 573 1047 638 αὐτῶν
1069 574 1107 638 τὸ
1131 590 1215 638 σαυ-

198 689 258 745 τοῦ
280 678 419 765 φλέγμα.

488 976 545 1046 ιδ’.
582 979 797 1064 Σποράδην
819 979 916 1044 τινά.
1238 1003 1249 1042 5

163 1139 177 1186 1
259 1120 315 1198 Ὡς
329 1123 365 1186 οί
375 1119 469 1186 κακοὶ
483 1119 649 1209 τραγῳδοὶ
667 1123 765 1205 μόνοι
784 1113 861 1208 ᾆσαι
876 1120 917 1186 οὐ
931 1120 1103 1204 δύνανται,
1126 1120 1213 1187 ἀλλὰ

198 1229 278 1312 μετὰ
306 1231 454 1309 πολλῶν,
483 1226 587 1304 οὕτως
610 1229 693 1293 ἔνιοι
716 1230 814 1312 μόνοι
837 1236 1054 1312 περιπατῆσαι
1082 1227 1124 1292 οὐ
1153 1229 1212 1292 δύ-

162 1349 324 1399 ννανται.
370 1333 543 1418 ἀνθρωπε,
570 1338 605 1397 εί
627 1356 676 1411 τις
703 1329 749 1416 εί,
775 1331 831 1400 καὶ
858 1335 960 1417 μόνος
986 1334 1212 1420 περιπάτησον

162 1455 177 1503 3
197 1436 252 1504 καὶ
275 1448 386 1526 σαυτῷ
408 1439 554 1522 λάλησον
572 1436 627 1504 καί
645 1439 689 1524 μη
709 1437 745 1505 έν
764 1448 809 1526 τῷ
828 1448 916 1527 χορῷ
936 1440 1093 1525 κρύπτου.
1126 1441 1211 1505 σκώ-

198 1549 306 1630 φθητί
330 1567 421 1629 ποτε,
447 1548 655 1631 περίβλεψαι,
683 1544 884 1632 ένσείσθητι,
910 1547 966 1611 ἵνα
990 1555 1077 1635 γνῷς
1098 1549 1149 1623 τίς
1172 1543 1210 1612 εἷ.
1226 1569 1250 1608 ιο

162 1667 179 1714 4
256 1647 358 1717 Ὅταν
375 1676 426 1728 τις
443 1651 536 1738 ὕδωρ
554 1655 634 1737 πίνη
653 1651 673 1735 ἢ
692 1660 771 1744 ποιῇ
789 1675 821 1716 τι
840 1651 1027 1737 ἀσκητικόν,
1051 1651 1087 1718 έκ
1104 1654 1212 1746 πάσης

197 1757 348 1844 ἀφορμῆς
375 1757 463 1842 λέγει
491 1759 571 1824 αὐτὸ
601 1761 683 1844 πρὸς
715 1759 840 1835 πάντας
868 1758 944 1842 “έγὼ
976 1759 1069 1842 ὕδωρ
1100 1759 1210 1825 πίνω’.

162 1879 177 1928 5
198 1867 253 1930 διὰ
277 1867 339 1949 γὰρ
363 1875 461 1930 τοῦτο
484 1865 577 1948 ὕδωρ
600 1868 718 1948 πίνεις,
742 1866 797 1929 διὰ
811 1866 883 1951 γὰρ
907 1867 944 1931 τὸ
968 1865 1059 1951 ὕδωρ
1082 1869 1208 1944 πίνειν;

197 1971 368 2053 ἄνθρωπε,
392 1976 426 2034 εί
445 1985 498 2034 σοι
522 1973 688 2034 λυσιτελεῖ
707 1974 830 2055 πίνειν,
852 1983 940 2036 πῖνε·
964 1971 995 2035 εί
1017 1966 1055 2035 δέ
1078 1973 1134 2055 μη,
1157 1995 1210 2055 γε-

162 2079 296 2150 6λοίως
318 2085 431 2151 ποιεῖς.
477 2075 508 2138 εί
534 2069 571 2138 δὲ
599 2072 760 2159 συμφέρει
788 2092 842 2141 σοι
868 2074 923 2140 καὶ
951 2079 1073 2161 πίνεις,
1101 2079 1209 2143 σιώπα
1224 2099 1248 2138 15

197 2181 280 2263 πρὸς
306 2181 384 2255 τοὺς
411 2180 695 2264 δνσαρεστοῦντας
725 2194 795 2259 τοῖς
822 2181 1023 2275 ἀνθρώποις.
1073 2186 1108 2248 τί
1133 2179 1208 2263 οὗν;

197 2285 309 2361 αὐτοῖς
330 2285 462 2362 τούτοις
484 2283 635 2370 ἀρέσκειν
658 2284 783 2366 θέλεις;

161 2391 176 2439 ⁷
268 2396 342 2458 Τῶν
360 2391 594 2478 πραττομένων
612 2392 652 2458 τὰ
670 2389 732 2478 μέν
749 2393 1006 2479 προηγουμένως
1021 2395 1208 2480 πράττεται,

195 2501 235 2565 τὰ
259 2496 297 2565 δέ
319 2500 401 2565 κατὰ
423 2502 630 2584 περίστασιν,
660 2499 700 2564 τά
724 2495 760 2564 δὲ
783 2497 854 2565 κατ’
880 2502 1086 2585 οἰκονομίαν,
1108 2498 1208 2567 τάθὲ
1296 2505 1297 2514 ’

195 2608 277 2671 κατὰ
301 2605 565 2691 συμπεριφοράν,
587 2605 628 2669 τά
651 2601 688 2670 δὲ
711 2603 780 2670 κατ’
808 2607 972 2672 ἔνστασιν.
1221 2628 1245 2666 ιο

160 2711 177 2760 8
263 2713 338 2777 Δύο
356 2720 459 2777 ταῦτα
479 2710 602 2789 ἐξελεῖν
620 2722 687 2776 τῶν
707 2709 908 2798 ἀνθρώπων,
931 2719 1043 2796 οίησιν
1060 2711 1207 2778 καὶάπι-

143 2894 146 2899 ,
197 2820 301 2883 στίαυ.
348 2823 454 2902 οίησις
476 2814 537 2902 μέν
562 2811 624 2883 οὖν
647 2817 716 2882 ε’στι
743 2819 779 2883 τὸ
804 2814 916 2885 δοκεῖν
942 2819 1085 2905 μηθενὸς
1107 2836 1207 2904 προσ-

197 2924 342 3006 δεῖσθαι,
360 2922 494 2988 ἀπιστία
513 2919 550 2988 δὲ
568 2926 605 2989 τὸ
627 2919 876 3011 ὑπολαμβάνειν
894 2925 938 3010 μη
958 2925 1104 2992 δυνατὸν
1122 2921 1206 2990 εἶναι

194 3056 408 3066 --.-.-

269 3139 299 3186 11
310 3150 368 3201 sqq.
384 3132 418 3189 cf.
433 3132 520 3188 Eneb.
536 3139 583 3187 47:
604 3130 682 3202 μηδ’,
701 3132 738 3188 ἀν
756 3133 832 3204 ὕδωρ
850 3136 942 3207 πίνης,
962 3129 994 3189 έιι
1012 3134 1104 3204 πάσης
1117 3134 1207 3206 ἀφορ-

197 3210 249 3272 μῆς
267 3201 327 3273 λέγε
347 3202 390 3258 ὅτι
407 3203 483 3274 ὕδωρ
502 3205 602 3266 πίνεις.

194 3313 407 3322 ——-.—..

267 3366 282 3412 2
303 3363 491 3430 σνμπίνοντας
505 3361 527 3416 S
543 3379 577 3416 νι.
597 3378 646 3417 νεα
672 3363 682 3430 ss
705 3366 821 3417 6καλο1
835 3363 868 3419 S:
882 3380 951 3420 corr.
967 3365 1049 3432 Wolf
1072 3365 1082 3432 11
1106 3369 1139 3418 13
1153 3363 1205 3434 γὰρ

197 3432 294 3498 (altero
313 3433 382 3499 loco)
396 3433 446 3487 ἀεῖ.
465 3449 478 3486 ε
505 3435 526 3503 ΙΙ·
543 3437 576 3485 14
595 3435 744 3512 λυσιτελεῖν
762 3433 794 3488 S:
813 3449 880 3489 ιονν.
900 3451 914 3489 ε
939 3436 949 3503 ss
977 3439 1010 3523 1¹6
1029 3435 1204 3506 ἀνθρώποις]

195 3553 287 3614 ἀλλοις
307 3552 405 3608 Οοναεε
430 3557 440 3624 Η
467 3560 500 3608 23
519 3537 711 3626 ὑπολαμβάῗίν
730 3501 750 3624 ἀι
769 3556 791 3611 S
810 3558 868 3624 (sed
887 3577 929 3612 ειν
943 3525 1002 3628 etgt²
1020 3561 1052 3612 ιἰι
1065 3574 1120 3614 νας.
1135 3576 1153 3614 α
1167 3559 1207 3627 ἀι)
1296 3589 1297 3660 ρ
