2608 3928
561 202 592 256 Β,
617 200 833 253 numeror

412 978 678 1082 Ι11111111
710 979 963 1056 ulnulas

313 1155 363 1205 EX
381 1152 611 1206 RECENSIONE
629 1152 704 1206 ΙΟΗ.
725 1151 1083 1204 SCHWEIGHAEVSERI.

265 1417 413 1471 Librorum
432 1434 515 1471 manu
540 1414 720 1487 scriptorum,
745 1415 847 1484 quibus
870 1416 900 1470 in
922 1414 1090 1469 adornanda
1107 1415 1218 1470 Encbi-

193 1487 260 1542 ridii
279 1487 404 1542 editione
422 1485 561 1557 maiore*)
578 1504 647 1541 usus
666 1488 711 1541 est
730 1485 985 1556 Schweighaeuser,
1005 1487 1147 1554 quattuor
1169 1506 1217 1559 ge·

193 1576 262 1614 nera
277 1558 477 1630 distinguenda
491 1575 552 1613 esse
570 1558 628 1612 iam
647 1557 708 1628 ipss
726 1561 803 1612 recte
825 1556 976 1626 perspexit.
1015 1573 1089 1626 qnae
1107 1573 1218 1628 genera

196 1631 251 1686 etsi
270 1631 340 1686 satis
359 1629 444 1685 certis
464 1629 553 1700 signis
571 1629 647 1683 inter
660 1645 689 1683 se
704 1629 895 1696 dinoscantur,
914 1630 1018 1696 tamen,
1037 1629 1152 1683 uteret
1171 1646 1217 1684 ex·
1291 1647 1292 1706 l

196 1702 382 1774 spectandum
413 1703 443 1755 in
477 1699 621 1756 codicibus
654 1700 764 1769 graecis
793 1715 865 1755 saec.
894 1699 945 1753 XV
973 1698 1019 1753 vel
1047 1699 1121 1753 adeo
1153 1699 1218 1753 XVI
1291 1715 1292 1768 1

197 1773 322 1828 exaratis
348 1774 433 1841 inque
461 1770 559 1826 libello
583 1773 643 1825 tam
666 1771 792 1828 studiose
815 1769 956 1840 lectitato,
980 1770 1074 1824 nullus
1101 1786 1138 1824 ex
1156 1770 1216 1824 illis

198 1843 278 1899 libris
303 1843 347 1898 sui
369 1842 481 1914 generis
504 1842 628 1897 indolem
651 1859 766 1911 prorsus
788 1842 925 1898 intactam
945 1841 1081 1910 servavit;
1106 1841 1160 1896 sed
1179 1841 1215 1895 ad

196 1933 284 1970 unum
298 1930 394 1970 omncs
408 1913 493 1968 modo
507 1930 570 1967 cum
581 1915 738 1968 ceterorum
750 1930 885 1985 generum
900 1911 1035 1984 exemplis
1049 1913 1136 1967 modo
1153 1931 1215 1967 cnm
1292 1962 1293 1968 ,

197 1985 420 2056 paraphrasibus
445 2000 517 2053 qnae
541 1983 673 2038 dicuntur
691 1983 858 2039 Christianis
888 1983 971 2038 modo
990 2000 1054 2037 cnm
1074 1983 1134 2038 Sim
1157 1983 1217 2038 licii
1292 1981 1293 2050 ζ

197 2056 291 2111 111111
321 2055 528 2110 consentientes
553 2055 654 2112 miram
681 2053 890 2110 inconstantiae
919 2053 1042 2124 effigiem
1064 2002 1214 2124 praebent.
1292 2079 1293 2098 i

197 2143 280 2182 nemo
299 2125 388 2197 igitur
410 2128 481 2195 puto
503 2125 575 2181 mibi
597 2126 766 2194 obloquatur
788 2124 971 2180 contendenti
993 2125 1154 2180 Encbiridii
1171 2142 1215 2180 re·
1292 2109 1293 2152 l

199 2197 360 2253 censionem
382 2197 487 2252 iustam
511 2199 596 2266 atque
620 2196 750 2251 omnibns
773 2194 897 2250 numeris
921 2193 1082 2250 absolutam
1100 2195 1215 2251 institui

197 2286 255 2324 non
268 2286 351 2339 posse
365 2267 421 2323 nisi
436 2267 565 2324 omnibus
584 2266 720 2338 exemplis
734 2284 820 2322 manu
835 2266 957 2336 scriptis,
978 2283 1052 2334 quae
1069 2267 1215 2335 permulta

198 2342 345 2396 servantur
367 2339 398 2393 in
416 2339 530 2407 Italiae,
550 2338 729 2408 Germaniae,
753 2337 909 2407 Hispaniae
932 2335 1128 2406 bibliothecis,
1151 2337 1214 2392 dili-

198 2413 298 2482 genter
317 2409 462 2466 adhibitis.
501 2410 623 2479 accedit,
648 2409 781 2478 quodne
804 2408 871 2463 libri
893 2407 1006 2477 quidem
1031 2406 1137 2462 Gallici
1157 2409 1215 2464 sive

199 2502 216 2539 a
235 2481 501 2553 Schweighaeusero
521 2481 581 2536 sive
596 2499 613 2536 a
627 2480 787 2536 Godofredo
801 2479 861 2534 {ilio
876 2496 911 2533 ea
929 2496 985 2561 qua
1000 2495 1054 2550 par
1067 2483 1130 2534 erat
1149 2479 1215 2534 1111-

195 2553 296 2678 lgentio
319 2552 430 2609 excussi
457 2554 523 2607 sunt
550 2552 682 2621 quodque
705 2552 751 2607 hic
769 2552 815 2607 vel
838 2550 898 2605 11111
927 2549 1001 2620 srgla
1018 2549 1048 2604 111
1072 2549 1215 2622 Schweig-

217 2624 328 2680 aenseri
342 2623 418 2679 notis
432 2622 584 2678 manifesto
599 2639 691 2678 errore
705 2625 771 2677 sunt
784 2621 950 2693 conmsa.··)
978 2638 1097 2690 quarum
1121 2639 1215 2676 rerum

195 2696 307 2751 ratione
330 2694 433 2750 habita
454 2710 545 2748 novae
568 2692 739 2748 recensionis
763 2693 927 2748 condendae
946 2691 1096 2748 consilium
1115 2693 1215 2748 statim

198 2766 290 2822 abieci
317 2782 418 2835 meque
444 2781 546 2837 operae
571 2765 696 2834 pretium
718 2764 858 2819 facturum
885 2780 946 2819 esse
976 2762 1058 2832 duxi,
1086 2762 1112 2817 si
1135 2767 1217 2819 textu

269 2943 385 3067 'Quae
409 2942 516 3025 prodiit
533 2941 646 3012 Lipsiae
666 2958 691 2997 a.
712 2945 790 2998 1798.
826 2941 922 2995 nescio
946 2940 1015 3008 quid
1037 2939 1069 2994 in
1090 2943 1216 2996 mentem

195 3016 306 3069 venerit
335 3013 591 3083 chwerghaeusero,
607 3029 671 3066 cum
683 3013 714 3067 in
727 3010 925 3082 philosophiae
934 3010 1102 3135 Epicteteae
1117 3029 1215 3067 monu-

196 3088 363 3153 mentorum,
382 3101 455 3152 quac
474 3087 534 3138 tum
552 3084 611 3138 iam
648 3083 710 3138 1111
727 3084 905 3151 exercebant,
924 3099 960 3137 vo
974 3126 980 3138 .
995 3082 1036 3135 III
1049 3100 1109 3137 non
1126 3084 1215 3138 verba

196 3155 318 3224 Arriani,
337 3155 434 3224 qualia
451 3155 513 3224 ipse
533 3171 618 3210 secun
637 3173 686 3208 um
705 3153 774 3208 artis
792 3156 947 3223 praecepta
965 3152 1042 3209 haud
1060 3153 1215 3209 infeliciter

195 3227 373 3293 restituerat,
409 3226 459 3280 sed
486 3225 594 3295 Uptoni
620 3225 813 3280 recensionem
840 3224 922 3279 foede
954 3223 1159 3294 interpolatam
1188 3227 1216 3279 et

197 3296 279 3350 falsis
297 3297 491 3374 perversisque
509 3295 679 3350 lectionibus
699 3297 855 3350 scatentem
877 3293 1028 3364 reciperet,
1054 3295 1214 3365 suiipsius

198 3380 362 3418 recensione
380 3364 410 3417 in
427 3363 584 3432 marginem
601 3366 736 3436 relegata.
774 3381 847 3433 quae
866 3381 911 3419 res
926 3363 1024 3418 multis
1038 3365 1134 3418 fraudi
1147 3366 1214 3432 fuit3

198 3433 268 3556 qgrin
285 3433 378 3555 1ξῆοᾑ
388 3433 574 3486 Waohsmuth
597 3434 725 3503 quidem,
748 3451 811 3489 cum
832 3435 985 3489 Stobaeum
1008 3434 1112 3503 edidit,
1138 3452 1216 3490 erro

196 3520 257 3555 rm
274 3519 304 3555 vr
336 3519 386 3557 vr.

270 3572 310 3638 *ἢ
330 3570 360 3624 11
379 3570 454 3638 quod
473 3572 552 3637 signo
571 3571 803 3642 interrogationis
822 3573 921 3629 addito
939 3572 1046 3629 notavi.
