<?xml version="1.0" encoding="UTF-8"?>
<!DOCTYPE html PUBLIC "-//W3C//DTD XHTML 1.0 Transitional//EN"
    "http://www.w3.org/TR/xhtml1/DTD/xhtml1-transitional.dtd">
<html xmlns="http://www.w3.org/1999/xhtml" xml:lang="en" lang="en">
 <head>
  <title>
</title>
<meta http-equiv="Content-Type" content="text/html;charset=utf-8" />
  <meta name='ocr-system' content='tesseract 3.04.00' />
  <meta name='ocr-capabilities' content='ocr_page ocr_carea ocr_par ocr_line ocrx_word'/>
</head>
<body>
  <div class='ocr_page' id='page_1' title='image "./dissertationesa00epicgoog/dissertationesa00epicgoog_0010.png"; bbox 0 0 2630 3928; ppageno 0'>
   <div class='ocr_carea' id='block_1_1' title="bbox 146 913 1157 2400">
    <p class='ocr_par' dir='ltr' id='par_1_1' title="bbox 146 913 1157 2400">
     <span class='ocr_line' id='line_1_1' title="bbox 231 913 1151 994; baseline -0.005 -18"><span class='ocrx_word' id='word_1_1' title='bbox 231 916 426 994; x_wconf 85' lang='lat' dir='ltr'><strong>Redemptori</strong></span> <span class='ocrx_word' id='word_1_2' title='bbox 442 916 650 975; x_wconf 83' lang='lat' dir='ltr'><strong>honestissimo</strong></span> <span class='ocrx_word' id='word_1_3' title='bbox 662 913 796 992; x_wconf 60' lang='lat' dir='ltr'><strong>epicteti</strong></span> <span class='ocrx_word' id='word_1_4' title='bbox 812 916 872 974; x_wconf 91' lang='lat' dir='ltr'><strong>mei</strong></span> <span class='ocrx_word' id='word_1_5' title='bbox 890 915 1049 974; x_wconf 76' lang='lat' dir='ltr'><strong>editionem</strong></span> <span class='ocrx_word' id='word_1_6' title='bbox 1063 931 1151 990; x_wconf 90' lang='lat' dir='ltr'><strong>para-</strong></span> 
     </span>
     <span class='ocr_line' id='line_1_2' title="bbox 148 1001 1152 1081; baseline -0.003 -19"><span class='ocrx_word' id='word_1_7' title='bbox 148 1005 283 1064; x_wconf 87' lang='lat' dir='ltr'><strong>bilicrem</strong></span> <span class='ocrx_word' id='word_1_8' title='bbox 305 1008 335 1064; x_wconf 90' lang='lat' dir='ltr'><strong>et</strong></span> <span class='ocrx_word' id='word_1_9' title='bbox 355 1008 511 1080; x_wconf 87' lang='lat' dir='ltr'><strong>tamquam</strong></span> <span class='ocrx_word' id='word_1_10' title='bbox 532 1004 727 1081; x_wconf 82' lang='lat' dir='ltr'><strong>praefationis</strong></span> <span class='ocrx_word' id='word_1_11' title='bbox 748 1003 937 1078; x_wconf 88' lang='lat' dir='ltr'><strong>iudicumque</strong></span> <span class='ocrx_word' id='word_1_12' title='bbox 959 1002 1082 1062; x_wconf 80' lang='lat' dir='ltr'><strong>sarcinis</strong></span> <span class='ocrx_word' id='word_1_13' title='bbox 1101 1001 1152 1060; x_wconf 90' lang='lat' dir='ltr'><strong>ab·</strong></span> 
     </span>
     <span class='ocr_line' id='line_1_3' title="bbox 148 1091 1153 1170; baseline -0.001 -21"><span class='ocrx_word' id='word_1_14' title='bbox 148 1092 229 1153; x_wconf 84' lang='lat' dir='ltr'><strong>iactis</strong></span> <span class='ocrx_word' id='word_1_15' title='bbox 267 1094 480 1170; x_wconf 76' lang='lat' dir='ltr'><strong>expeditiorem</strong></span> <span class='ocrx_word' id='word_1_16' title='bbox 512 1093 545 1152; x_wconf 88' lang='lat' dir='ltr'><strong>in</strong></span> <span class='ocrx_word' id='word_1_17' title='bbox 575 1093 671 1152; x_wconf 87' lang='lat' dir='ltr'><strong>lucem</strong></span> <span class='ocrx_word' id='word_1_18' title='bbox 703 1094 838 1150; x_wconf 74' lang='lat' dir='ltr'><strong>emittere</strong></span> <span class='ocrx_word' id='word_1_19' title='bbox 869 1091 1001 1166; x_wconf 87' lang='lat' dir='ltr'><strong>cupienti</strong></span> <span class='ocrx_word' id='word_1_20' title='bbox 1032 1108 1153 1166; x_wconf 87' lang='lat' dir='ltr'><strong>operam</strong></span> 
     </span>
     <span class='ocr_line' id='line_1_4' title="bbox 148 1180 1153 1260; baseline -0.003 -22"><span class='ocrx_word' id='word_1_21' title='bbox 148 1180 294 1260; x_wconf 87' lang='lat' dir='ltr'><strong>denegare</strong></span> <span class='ocrx_word' id='word_1_22' title='bbox 324 1181 407 1240; x_wconf 90' lang='lat' dir='ltr'><strong>nolui</strong></span> <span class='ocrx_word' id='word_1_23' title='bbox 436 1183 542 1256; x_wconf 86' lang='lat' dir='ltr'><strong>utpote</strong></span> <span class='ocrx_word' id='word_1_24' title='bbox 573 1199 670 1256; x_wconf 88' lang='lat' dir='ltr'><strong>aequa</strong></span> <span class='ocrx_word' id='word_1_25' title='bbox 694 1182 823 1257; x_wconf 85' lang='lat' dir='ltr'><strong>petenti,</strong></span> <span class='ocrx_word' id='word_1_26' title='bbox 853 1198 1035 1256; x_wconf 88' lang='lat' dir='ltr'><strong>quamquam</strong></span> <span class='ocrx_word' id='word_1_27' title='bbox 1064 1197 1153 1255; x_wconf 85' lang='lat' dir='ltr'><strong>aegre</strong></span> 
     </span>
     <span class='ocr_line' id='line_1_5' title="bbox 147 1267 1153 1344; baseline -0.003 -18"><span class='ocrx_word' id='word_1_28' title='bbox 147 1270 202 1327; x_wconf 87' lang='lat' dir='ltr'><strong>tuli</strong></span> <span class='ocrx_word' id='word_1_29' title='bbox 225 1273 257 1328; x_wconf 88' lang='lat' dir='ltr'><strong>ct</strong></span> <span class='ocrx_word' id='word_1_30' title='bbox 281 1269 376 1328; x_wconf 83' lang='lat' dir='ltr'><strong>adhuc</strong></span> <span class='ocrx_word' id='word_1_31' title='bbox 398 1269 461 1327; x_wconf 88' lang='lat' dir='ltr'><strong>fero</strong></span> <span class='ocrx_word' id='word_1_32' title='bbox 485 1268 564 1344; x_wconf 90' lang='lat' dir='ltr'><strong>qnod</strong></span> <span class='ocrx_word' id='word_1_33' title='bbox 586 1288 646 1327; x_wconf 91' lang='lat' dir='ltr'><strong>non</strong></span> <span class='ocrx_word' id='word_1_34' title='bbox 667 1268 777 1327; x_wconf 78' lang='lat' dir='ltr'><strong>licebat</strong></span> <span class='ocrx_word' id='word_1_35' title='bbox 798 1269 865 1344; x_wconf 88' lang='lat' dir='ltr'><strong>ipsa</strong></span> <span class='ocrx_word' id='word_1_36' title='bbox 888 1268 1039 1344; x_wconf 88' lang='lat' dir='ltr'><strong>scriptoris</strong></span> <span class='ocrx_word' id='word_1_37' title='bbox 1062 1267 1153 1326; x_wconf 87' lang='lat' dir='ltr'><strong>verba</strong></span> 
     </span>
     <span class='ocr_line' id='line_1_6' title="bbox 147 1355 1154 1436; baseline -0.003 -22"><span class='ocrx_word' id='word_1_38' title='bbox 147 1357 292 1436; x_wconf 83' lang='lat' dir='ltr'><strong>refingere</strong></span> <span class='ocrx_word' id='word_1_39' title='bbox 319 1357 371 1416; x_wconf 90' lang='lat' dir='ltr'><strong>sed</strong></span> <span class='ocrx_word' id='word_1_40' title='bbox 395 1357 533 1434; x_wconf 82' lang='lat' dir='ltr'><strong>plagulas</strong></span> <span class='ocrx_word' id='word_1_41' title='bbox 560 1357 631 1415; x_wconf 92' lang='lat' dir='ltr'><strong>olim</strong></span> <span class='ocrx_word' id='word_1_42' title='bbox 653 1357 811 1432; x_wconf 85' lang='lat' dir='ltr'><strong>impressas</strong></span> <span class='ocrx_word' id='word_1_43' title='bbox 834 1357 1061 1432; x_wconf 75' lang='lat' dir='ltr'><strong>qualescumque</strong></span> <span class='ocrx_word' id='word_1_44' title='bbox 1084 1355 1154 1412; x_wconf 89' lang='lat' dir='ltr'><strong>sunt</strong></span> 
     </span>
     <span class='ocr_line' id='line_1_7' title="bbox 147 1443 1154 1522; baseline -0.004 -20"><span class='ocrx_word' id='word_1_45' title='bbox 147 1445 256 1505; x_wconf 89' lang='lat' dir='ltr'><strong>iterum</strong></span> <span class='ocrx_word' id='word_1_46' title='bbox 284 1444 452 1522; x_wconf 83' lang='lat' dir='ltr'><strong>legentibus</strong></span> <span class='ocrx_word' id='word_1_47' title='bbox 478 1446 606 1520; x_wconf 89' lang='lat' dir='ltr'><strong>proponi</strong></span> <span class='ocrx_word' id='word_1_48' title='bbox 632 1445 796 1520; x_wconf 88' lang='lat' dir='ltr'><strong>oportebat.</strong></span> <span class='ocrx_word' id='word_1_49' title='bbox 846 1445 888 1502; x_wconf 88' lang='lat' dir='ltr'><strong>At</strong></span> <span class='ocrx_word' id='word_1_50' title='bbox 914 1463 981 1502; x_wconf 90' lang='lat' dir='ltr'><strong>cum</strong></span> <span class='ocrx_word' id='word_1_51' title='bbox 1007 1443 1072 1502; x_wconf 88' lang='lat' dir='ltr'><strong>fieri</strong></span> <span class='ocrx_word' id='word_1_52' title='bbox 1093 1461 1154 1500; x_wconf 91' lang='lat' dir='ltr'><strong>non</strong></span> 
     </span>
     <span class='ocr_line' id='line_1_8' title="bbox 147 1531 1154 1610; baseline -0.007 -17"><span class='ocrx_word' id='word_1_53' title='bbox 147 1537 248 1609; x_wconf 87' lang='lat' dir='ltr'><strong>posset</strong></span> <span class='ocrx_word' id='word_1_54' title='bbox 283 1533 362 1609; x_wconf 91' lang='lat' dir='ltr'><strong>qnod</strong></span> <span class='ocrx_word' id='word_1_55' title='bbox 394 1532 583 1608; x_wconf 85' lang='lat' dir='ltr'><strong>exoptabam,</strong></span> <span class='ocrx_word' id='word_1_56' title='bbox 613 1533 646 1590; x_wconf 94' lang='lat' dir='ltr'><strong>id</strong></span> <span class='ocrx_word' id='word_1_57' title='bbox 673 1533 779 1591; x_wconf 91' lang='lat' dir='ltr'><strong>saltem</strong></span> <span class='ocrx_word' id='word_1_58' title='bbox 802 1535 862 1610; x_wconf 82' lang='lat' dir='ltr'><strong>egi,</strong></span> <span class='ocrx_word' id='word_1_59' title='bbox 893 1552 930 1590; x_wconf 90' lang='lat' dir='ltr'><strong>ne</strong></span> <span class='ocrx_word' id='word_1_60' title='bbox 957 1531 1064 1590; x_wconf 89' lang='lat' dir='ltr'><strong>menda</strong></span> <span class='ocrx_word' id='word_1_61' title='bbox 1091 1531 1154 1589; x_wconf 86' lang='lat' dir='ltr'><strong>sive</strong></span> 
     </span>
     <span class='ocr_line' id='line_1_9' title="bbox 148 1620 1154 1697; baseline -0.006 -17"><span class='ocrx_word' id='word_1_62' title='bbox 148 1625 252 1697; x_wconf 80' lang='lat' dir='ltr'><strong>aperta</strong></span> <span class='ocrx_word' id='word_1_63' title='bbox 290 1622 352 1680; x_wconf 87' lang='lat' dir='ltr'><strong>sive</strong></span> <span class='ocrx_word' id='word_1_64' title='bbox 385 1621 511 1679; x_wconf 88' lang='lat' dir='ltr'><strong>latentia</strong></span> <span class='ocrx_word' id='word_1_65' title='bbox 542 1622 729 1679; x_wconf 87' lang='lat' dir='ltr'><strong>morarentur</strong></span> <span class='ocrx_word' id='word_1_66' title='bbox 760 1622 813 1679; x_wconf 90' lang='lat' dir='ltr'><strong>aut</strong></span> <span class='ocrx_word' id='word_1_67' title='bbox 843 1621 982 1680; x_wconf 85' lang='lat' dir='ltr'><strong>fallerent</strong></span> <span class='ocrx_word' id='word_1_68' title='bbox 1012 1620 1154 1696; x_wconf 79' lang='lat' dir='ltr'><strong>legentes,</strong></span> 
     </span>
     <span class='ocr_line' id='line_1_10' title="bbox 146 1698 1155 1790; baseline -0.006 -23"><span class='ocrx_word' id='word_1_69' title='bbox 146 1710 255 1787; x_wconf 88' lang='lat' dir='ltr'><strong>Itaque</strong></span> <span class='ocrx_word' id='word_1_70' title='bbox 275 1729 311 1767; x_wconf 86' lang='lat' dir='ltr'><strong>ex</strong></span> <span class='ocrx_word' id='word_1_71' title='bbox 329 1708 530 1767; x_wconf 85' lang='lat' dir='ltr'><strong>adnotationis</strong></span> <span class='ocrx_word' id='word_1_72' title='bbox 547 1709 751 1784; x_wconf 88' lang='lat' dir='ltr'><strong>supplemento</strong></span> <span class='ocrx_word' id='word_1_73' title='bbox 766 1699 824 1790; x_wconf 86' lang='lat' dir='ltr'><strong>(ed.</strong></span> <span class='ocrx_word' id='word_1_74' title='bbox 838 1709 907 1769; x_wconf 88' lang='lat' dir='ltr'><strong>mai.</strong></span> <span class='ocrx_word' id='word_1_75' title='bbox 921 1698 1155 1785; x_wconf 74' lang='lat' dir='ltr'><strong>amu-exn)</strong></span> 
     </span>
     <span class='ocr_line' id='line_1_11' title="bbox 147 1793 1156 1876; baseline -0.007 -20"><span class='ocrx_word' id='word_1_76' title='bbox 147 1797 285 1876; x_wconf 85' lang='lat' dir='ltr'><strong>congessi</strong></span> <span class='ocrx_word' id='word_1_77' title='bbox 307 1815 383 1872; x_wconf 89' lang='lat' dir='ltr'><strong>quac</strong></span> <span class='ocrx_word' id='word_1_78' title='bbox 406 1796 554 1872; x_wconf 91' lang='lat' dir='ltr'><strong>aliquanti</strong></span> <span class='ocrx_word' id='word_1_79' title='bbox 574 1797 717 1855; x_wconf 88' lang='lat' dir='ltr'><strong>momenti</strong></span> <span class='ocrx_word' id='word_1_80' title='bbox 735 1815 798 1855; x_wconf 92' lang='lat' dir='ltr'><strong>esse</strong></span> <span class='ocrx_word' id='word_1_81' title='bbox 815 1797 992 1856; x_wconf 85' lang='lat' dir='ltr'><strong>videbantur</strong></span> <span class='ocrx_word' id='word_1_82' title='bbox 1009 1795 1048 1854; x_wconf 88' lang='lat' dir='ltr'><strong>ad</strong></span> <span class='ocrx_word' id='word_1_83' title='bbox 1064 1793 1156 1854; x_wconf 86' lang='lat' dir='ltr'><strong>verba</strong></span> 
     </span>
     <span class='ocr_line' id='line_1_12' title="bbox 147 1882 1155 1963; baseline -0.006 -19"><span class='ocrx_word' id='word_1_84' title='bbox 147 1903 257 1963; x_wconf 83' lang='lat' dir='ltr'><strong>graeca</strong></span> <span class='ocrx_word' id='word_1_85' title='bbox 289 1883 472 1944; x_wconf 90' lang='lat' dir='ltr'><strong>emendanda</strong></span> <span class='ocrx_word' id='word_1_86' title='bbox 501 1884 781 1959; x_wconf 85' lang='lat' dir='ltr'><strong>adnotationemque</strong></span> <span class='ocrx_word' id='word_1_87' title='bbox 808 1883 1016 1960; x_wconf 80' lang='lat' dir='ltr'><strong>supplendam3</strong></span> <span class='ocrx_word' id='word_1_88' title='bbox 1049 1882 1155 1958; x_wconf 89' lang='lat' dir='ltr'><strong>quibus</strong></span> 
     </span>
     <span class='ocr_line' id='line_1_13' title="bbox 146 1969 1156 2046; baseline -0.004 -15"><span class='ocrx_word' id='word_1_89' title='bbox 146 1973 299 2031; x_wconf 85' lang='lat' dir='ltr'><strong>immiscui</strong></span> <span class='ocrx_word' id='word_1_90' title='bbox 321 1970 525 2046; x_wconf 88' lang='lat' dir='ltr'><strong>quodcumque</strong></span> <span class='ocrx_word' id='word_1_91' title='bbox 547 1971 580 2028; x_wconf 90' lang='lat' dir='ltr'><strong>in</strong></span> <span class='ocrx_word' id='word_1_92' title='bbox 597 1971 726 2030; x_wconf 89' lang='lat' dir='ltr'><strong>censuris</strong></span> <span class='ocrx_word' id='word_1_93' title='bbox 745 1971 884 2030; x_wconf 90' lang='lat' dir='ltr'><strong>editionis</strong></span> <span class='ocrx_word' id='word_1_94' title='bbox 901 1973 1021 2030; x_wconf 86' lang='lat' dir='ltr'><strong>maioris</strong></span> <span class='ocrx_word' id='word_1_95' title='bbox 1038 1969 1156 2045; x_wconf 88' lang='lat' dir='ltr'><strong>repperi</strong></span> 
     </span>
     <span class='ocr_line' id='line_1_14' title="bbox 147 2058 1156 2136; baseline -0.001 -20"><span class='ocrx_word' id='word_1_96' title='bbox 147 2063 257 2118; x_wconf 87' lang='lat' dir='ltr'><strong>notatu</strong></span> <span class='ocrx_word' id='word_1_97' title='bbox 276 2059 400 2136; x_wconf 80' lang='lat' dir='ltr'><strong>dignum</strong></span> <span class='ocrx_word' id='word_1_98' title='bbox 411 2059 628 2134; x_wconf 87' lang='lat' dir='ltr'><strong>nonnullasque</strong></span> <span class='ocrx_word' id='word_1_99' title='bbox 642 2058 870 2136; x_wconf 62' lang='lat' dir='ltr'><strong>observationes</strong></span> <span class='ocrx_word' id='word_1_100' title='bbox 885 2078 958 2136; x_wconf 90' lang='lat' dir='ltr'><strong>quas</strong></span> <span class='ocrx_word' id='word_1_101' title='bbox 971 2079 1025 2135; x_wconf 91' lang='lat' dir='ltr'><strong>per</strong></span> <span class='ocrx_word' id='word_1_102' title='bbox 1037 2059 1156 2116; x_wconf 89' lang='lat' dir='ltr'><strong>litteras</strong></span> 
     </span>
     <span class='ocr_line' id='line_1_15' title="bbox 146 2146 1156 2223; baseline -0.002 -17"><span class='ocrx_word' id='word_1_103' title='bbox 146 2167 266 2206; x_wconf 90' lang='lat' dir='ltr'><strong>mecum</strong></span> <span class='ocrx_word' id='word_1_104' title='bbox 289 2147 518 2206; x_wconf 87' lang='lat' dir='ltr'><strong>communicavit</strong></span> <span class='ocrx_word' id='word_1_105' title='bbox 534 2146 571 2204; x_wconf 89' lang='lat' dir='ltr'><strong>H.</strong></span> <span class='ocrx_word' id='word_1_106' title='bbox 589 2147 697 2206; x_wconf 91' lang='lat' dir='ltr'><strong>Diels.</strong></span> <span class='ocrx_word' id='word_1_107' title='bbox 738 2147 878 2223; x_wconf 88' lang='lat' dir='ltr'><strong>Inprimis</strong></span> <span class='ocrx_word' id='word_1_108' title='bbox 900 2151 1002 2206; x_wconf 90' lang='lat' dir='ltr'><strong>autem</strong></span> <span class='ocrx_word' id='word_1_109' title='bbox 1020 2150 1156 2222; x_wconf 89' lang='lat' dir='ltr'><strong>acceptas</strong></span> 
     </span>
     <span class='ocr_line' id='line_1_16' title="bbox 146 2227 1156 2318; baseline -0.001 -24"><span class='ocrx_word' id='word_1_110' title='bbox 146 2236 221 2294; x_wconf 83' lang='lat' dir='ltr'><strong>viris</strong></span> <span class='ocrx_word' id='word_1_111' title='bbox 241 2235 337 2294; x_wconf 91' lang='lat' dir='ltr'><strong>doctis</strong></span> <span class='ocrx_word' id='word_1_112' title='bbox 356 2235 419 2292; x_wconf 83' lang='lat' dir='ltr'><strong>sore</strong></span> <span class='ocrx_word' id='word_1_113' title='bbox 438 2234 551 2293; x_wconf 90' lang='lat' dir='ltr'><strong>confido</strong></span> <span class='ocrx_word' id='word_1_114' title='bbox 570 2253 662 2295; x_wconf 85' lang='lat' dir='ltr'><strong>novas</strong></span> <span class='ocrx_word' id='word_1_115' title='bbox 683 2236 790 2294; x_wconf 90' lang='lat' dir='ltr'><strong>codicis</strong></span> <span class='ocrx_word' id='word_1_116' title='bbox 807 2236 964 2295; x_wconf 90' lang='lat' dir='ltr'><strong>Bodleiaui</strong></span> <span class='ocrx_word' id='word_1_117' title='bbox 983 2227 1036 2318; x_wconf 83' lang='lat' dir='ltr'><strong>(S)</strong></span> <span class='ocrx_word' id='word_1_118' title='bbox 1054 2236 1156 2294; x_wconf 90' lang='lat' dir='ltr'><strong>lectio-</strong></span> 
     </span>
     <span class='ocr_line' id='line_1_17' title="bbox 146 2322 1157 2400; baseline -0.002 -18"><span class='ocrx_word' id='word_1_119' title='bbox 146 2343 209 2400; x_wconf 80' lang='lat' dir='ltr'><strong>nes,</strong></span> <span class='ocrx_word' id='word_1_120' title='bbox 230 2341 305 2399; x_wconf 89' lang='lat' dir='ltr'><strong>quas</strong></span> <span class='ocrx_word' id='word_1_121' title='bbox 323 2324 359 2380; x_wconf 90' lang='lat' dir='ltr'><strong>nt</strong></span> <span class='ocrx_word' id='word_1_122' title='bbox 377 2343 393 2380; x_wconf 92' lang='lat' dir='ltr'><strong>e</strong></span> <span class='ocrx_word' id='word_1_123' title='bbox 411 2322 569 2381; x_wconf 88' lang='lat' dir='ltr'><strong>collatione</strong></span> <span class='ocrx_word' id='word_1_124' title='bbox 588 2341 607 2381; x_wconf 92' lang='lat' dir='ltr'><strong>a</strong></span> <span class='ocrx_word' id='word_1_125' title='bbox 624 2341 655 2381; x_wconf 86' lang='lat' dir='ltr'><strong>se</strong></span> <span class='ocrx_word' id='word_1_126' title='bbox 673 2324 814 2382; x_wconf 89' lang='lat' dir='ltr'><strong>instituta</strong></span> <span class='ocrx_word' id='word_1_127' title='bbox 832 2343 1016 2400; x_wconf 86' lang='lat' dir='ltr'><strong>excerperem</strong></span> <span class='ocrx_word' id='word_1_128' title='bbox 1028 2324 1157 2400; x_wconf 86' lang='lat' dir='ltr'><strong>benigne</strong></span> 
     </span>
    </p>
   </div>
   <div class='ocr_carea' id='block_1_2' title="bbox 147 2401 1260 2492">
    <p class='ocr_par' dir='ltr' id='par_1_2' title="bbox 147 2401 1260 2492">
     <span class='ocr_line' id='line_1_18' title="bbox 147 2401 1260 2492; baseline 0 -22"><span class='ocrx_word' id='word_1_129' title='bbox 147 2412 289 2487; x_wconf 87' lang='lat' dir='ltr'><strong>permisit</strong></span> <span class='ocrx_word' id='word_1_130' title='bbox 315 2409 362 2468; x_wconf 90' lang='lat' dir='ltr'><strong>W.</strong></span> <span class='ocrx_word' id='word_1_131' title='bbox 380 2401 419 2468; x_wconf 88' lang='lat' dir='ltr'><strong>M.</strong></span> <span class='ocrx_word' id='word_1_132' title='bbox 438 2403 637 2492; x_wconf 85' lang='lat' dir='ltr'><strong>Lindsay.¹)</strong></span> <span class='ocrx_word' id='word_1_133' title='bbox 685 2411 782 2470; x_wconf 89' lang='lat' dir='ltr'><strong>Huius</strong></span> <span class='ocrx_word' id='word_1_134' title='bbox 808 2411 902 2490; x_wconf 83' lang='lat' dir='ltr'><strong>igitur</strong></span> <span class='ocrx_word' id='word_1_135' title='bbox 927 2413 986 2472; x_wconf 81' lang='lat' dir='ltr'><strong>viri</strong></span> <span class='ocrx_word' id='word_1_136' title='bbox 1012 2412 1158 2489; x_wconf 77' lang='lat' dir='ltr'><strong>singulari</strong></span> <span class='ocrx_word' id='word_1_137' title='bbox 1253 2457 1260 2464; x_wconf 90' lang='lat'>.</span> 
     </span>
    </p>
   </div>
   <div class='ocr_carea' id='block_1_3' title="bbox 146 2498 1158 2665">
    <p class='ocr_par' dir='ltr' id='par_1_3' title="bbox 146 2498 1158 2665">
     <span class='ocr_line' id='line_1_19' title="bbox 147 2498 1158 2577; baseline 0 -19"><span class='ocrx_word' id='word_1_138' title='bbox 147 2499 335 2558; x_wconf 89' lang='lat' dir='ltr'><strong>humanitati</strong></span> <span class='ocrx_word' id='word_1_139' title='bbox 358 2500 389 2556; x_wconf 93' lang='lat' dir='ltr'><strong>et</strong></span> <span class='ocrx_word' id='word_1_140' title='bbox 410 2498 587 2557; x_wconf 88' lang='lat' dir='ltr'><strong>liberalitati</strong></span> <span class='ocrx_word' id='word_1_141' title='bbox 609 2499 720 2577; x_wconf 80' lang='lat' dir='ltr'><strong>deberi,</strong></span> <span class='ocrx_word' id='word_1_142' title='bbox 747 2501 826 2576; x_wconf 92' lang='lat' dir='ltr'><strong>quod</strong></span> <span class='ocrx_word' id='word_1_143' title='bbox 847 2501 915 2576; x_wconf 90' lang='lat' dir='ltr'><strong>plus</strong></span> <span class='ocrx_word' id='word_1_144' title='bbox 939 2501 1158 2576; x_wconf 85' lang='lat' dir='ltr'><strong>quinquaginta</strong></span> 
     </span>
     <span class='ocr_line' id='line_1_20' title="bbox 146 2585 1157 2665; baseline 0.002 -20"><span class='ocrx_word' id='word_1_145' title='bbox 146 2588 224 2646; x_wconf 91' lang='lat' dir='ltr'><strong>locis</strong></span> <span class='ocrx_word' id='word_1_146' title='bbox 245 2605 322 2663; x_wconf 89' lang='lat' dir='ltr'><strong>quae</strong></span> <span class='ocrx_word' id='word_1_147' title='bbox 340 2585 461 2644; x_wconf 86' lang='lat' dir='ltr'><strong>Arriani</strong></span> <span class='ocrx_word' id='word_1_148' title='bbox 479 2587 598 2663; x_wconf 88' lang='lat' dir='ltr'><strong>scripsit</strong></span> <span class='ocrx_word' id='word_1_149' title='bbox 614 2606 719 2647; x_wconf 88' lang='lat' dir='ltr'><strong>manus</strong></span> <span class='ocrx_word' id='word_1_150' title='bbox 735 2590 898 2647; x_wconf 82' lang='lat' dir='ltr'><strong>certissime</strong></span> <span class='ocrx_word' id='word_1_151' title='bbox 915 2589 1036 2647; x_wconf 87' lang='lat' dir='ltr'><strong>restitui</strong></span> <span class='ocrx_word' id='word_1_152' title='bbox 1052 2591 1157 2665; x_wconf 90' lang='lat' dir='ltr'><strong>potue-</strong></span> 
     </span>
    </p>
   </div>
   <div class='ocr_carea' id='block_1_4' title="bbox 146 2675 1258 2753">
    <p class='ocr_par' dir='ltr' id='par_1_4' title="bbox 146 2675 1258 2753">
     <span class='ocr_line' id='line_1_21' title="bbox 146 2675 1258 2753; baseline 0.003 -19"><span class='ocrx_word' id='word_1_153' title='bbox 146 2678 237 2750; x_wconf 88' lang='lat' dir='ltr'><strong>runt,</strong></span> <span class='ocrx_word' id='word_1_154' title='bbox 265 2677 352 2751; x_wconf 82' lang='lat' dir='ltr'><strong>grato</strong></span> <span class='ocrx_word' id='word_1_155' title='bbox 380 2675 479 2734; x_wconf 90' lang='lat' dir='ltr'><strong>animo</strong></span> <span class='ocrx_word' id='word_1_156' title='bbox 505 2675 656 2734; x_wconf 87' lang='lat' dir='ltr'><strong>testificor.</strong></span> <span class='ocrx_word' id='word_1_157' title='bbox 701 2677 891 2752; x_wconf 79' lang='lat' dir='ltr'><strong>lireliquis‚</strong></span> <span class='ocrx_word' id='word_1_158' title='bbox 919 2697 995 2753; x_wconf 90' lang='lat' dir='ltr'><strong>qnae</strong></span> <span class='ocrx_word' id='word_1_159' title='bbox 1017 2677 1080 2753; x_wconf 91' lang='lat' dir='ltr'><strong>ipse</strong></span> <span class='ocrx_word' id='word_1_160' title='bbox 1104 2681 1159 2736; x_wconf 88' lang='lat' dir='ltr'><strong>aut</strong></span> <span class='ocrx_word' id='word_1_161' title='bbox 1254 2679 1258 2686; x_wconf 89' lang='grc'><strong><em>’</em></strong></span> 
     </span>
    </p>
   </div>
   <div class='ocr_carea' id='block_1_5' title="bbox 148 2762 1159 2929">
    <p class='ocr_par' dir='ltr' id='par_1_5' title="bbox 148 2762 1159 2929">
     <span class='ocr_line' id='line_1_22' title="bbox 148 2762 1158 2841; baseline 0.003 -19"><span class='ocrx_word' id='word_1_162' title='bbox 148 2764 312 2822; x_wconf 88' lang='lat' dir='ltr'><strong>omiseram</strong></span> <span class='ocrx_word' id='word_1_163' title='bbox 334 2764 387 2820; x_wconf 93' lang='lat' dir='ltr'><strong>aut</strong></span> <span class='ocrx_word' id='word_1_164' title='bbox 405 2763 494 2821; x_wconf 88' lang='lat' dir='ltr'><strong>aliter</strong></span> <span class='ocrx_word' id='word_1_165' title='bbox 510 2762 543 2822; x_wconf 91' lang='lat' dir='ltr'><strong>in</strong></span> <span class='ocrx_word' id='word_1_166' title='bbox 561 2763 658 2822; x_wconf 88' lang='lat' dir='ltr'><strong>codice</strong></span> <span class='ocrx_word' id='word_1_167' title='bbox 676 2764 816 2841; x_wconf 86' lang='lat' dir='ltr'><strong>legeram,</strong></span> <span class='ocrx_word' id='word_1_168' title='bbox 838 2785 933 2841; x_wconf 90' lang='lat' dir='ltr'><strong>pauca</strong></span> <span class='ocrx_word' id='word_1_169' title='bbox 950 2766 1158 2826; x_wconf 88' lang='lat' dir='ltr'><strong>tantummodo</strong></span> 
     </span>
     <span class='ocr_line' id='line_1_23' title="bbox 148 2850 1159 2929; baseline 0.002 -19"><span class='ocrx_word' id='word_1_170' title='bbox 148 2869 247 2926; x_wconf 90' lang='lat' dir='ltr'><strong>eaque</strong></span> <span class='ocrx_word' id='word_1_171' title='bbox 276 2850 415 2928; x_wconf 84' lang='lat' dir='ltr'><strong>graviora</strong></span> <span class='ocrx_word' id='word_1_172' title='bbox 444 2851 535 2908; x_wconf 88' lang='lat' dir='ltr'><strong>attuli</strong></span> <span class='ocrx_word' id='word_1_173' title='bbox 565 2850 640 2910; x_wconf 89' lang='lat' dir='ltr'><strong>bena</strong></span> <span class='ocrx_word' id='word_1_174' title='bbox 671 2872 783 2911; x_wconf 89' lang='lat' dir='ltr'><strong>memor</strong></span> <span class='ocrx_word' id='word_1_175' title='bbox 811 2854 860 2913; x_wconf 86' lang='lat' dir='ltr'><strong>vel</strong></span> <span class='ocrx_word' id='word_1_176' title='bbox 887 2857 956 2929; x_wconf 91' lang='lat' dir='ltr'><strong>post</strong></span> <span class='ocrx_word' id='word_1_177' title='bbox 987 2855 1045 2914; x_wconf 87' lang='lat' dir='ltr'><strong>viri</strong></span> <span class='ocrx_word' id='word_1_178' title='bbox 1076 2856 1159 2913; x_wconf 89' lang='lat' dir='ltr'><strong>illius</strong></span> 
     </span>
    </p>
   </div>
   <div class='ocr_carea' id='block_1_6' title="bbox 147 2938 1159 3100">
    <p class='ocr_par' dir='ltr' id='par_1_6' title="bbox 147 2938 1159 3100">
     <span class='ocr_line' id='line_1_24' title="bbox 147 2938 1159 3018; baseline 0.003 -20"><span class='ocrx_word' id='word_1_179' title='bbox 147 2939 235 2998; x_wconf 89' lang='lat' dir='ltr'><strong>docti</strong></span> <span class='ocrx_word' id='word_1_180' title='bbox 262 2956 383 3014; x_wconf 88' lang='lat' dir='ltr'><strong>operam</strong></span> <span class='ocrx_word' id='word_1_181' title='bbox 410 2957 487 2998; x_wconf 87' lang='lat' dir='ltr'><strong>nova</strong></span> <span class='ocrx_word' id='word_1_182' title='bbox 511 2938 581 2997; x_wconf 89' lang='lat' dir='ltr'><strong>libri</strong></span> <span class='ocrx_word' id='word_1_183' title='bbox 604 2939 772 2999; x_wconf 84' lang='lat' dir='ltr'><strong>Saibantini</strong></span> <span class='ocrx_word' id='word_1_184' title='bbox 794 2942 953 3001; x_wconf 88' lang='lat' dir='ltr'><strong>collatione</strong></span> <span class='ocrx_word' id='word_1_185' title='bbox 976 2942 1159 3018; x_wconf 87' lang='lat' dir='ltr'><strong>supersederi</strong></span> 
     </span>
     <span class='ocr_line' id='line_1_25' title="bbox 148 3043 332 3100; baseline -0.011 -15"><span class='ocrx_word' id='word_1_186' title='bbox 148 3046 214 3087; x_wconf 89' lang='lat' dir='ltr'><strong>non</strong></span> <span class='ocrx_word' id='word_1_187' title='bbox 237 3043 332 3100; x_wconf 87' lang='lat' dir='ltr'><strong>posse.</strong></span> 
     </span>
    </p>
   </div>
   <div class='ocr_carea' id='block_1_7' title="bbox 147 3210 1161 3570">
    <p class='ocr_par' dir='ltr' id='par_1_7' title="bbox 147 3210 1161 3570">
     <span class='ocr_line' id='line_1_26' title="bbox 227 3210 1160 3291; baseline 0.008 -28"><span class='ocrx_word' id='word_1_188' title='bbox 227 3212 252 3291; x_wconf 79' lang='lat'><strong>1)</strong></span> <span class='ocrx_word' id='word_1_189' title='bbox 267 3210 348 3291; x_wconf 69' lang='lat' dir='ltr'><strong>idem</strong></span> <span class='ocrx_word' id='word_1_190' title='bbox 365 3210 407 3264; x_wconf 84' lang='lat' dir='ltr'><strong>vir</strong></span> <span class='ocrx_word' id='word_1_191' title='bbox 425 3211 523 3266; x_wconf 87' lang='lat' dir='ltr'><strong>doctus</strong></span> <span class='ocrx_word' id='word_1_192' title='bbox 542 3212 576 3266; x_wconf 89' lang='lat' dir='ltr'><strong>de</strong></span> <span class='ocrx_word' id='word_1_193' title='bbox 590 3213 719 3283; x_wconf 81' lang='lat' dir='ltr'><strong>Epicteto</strong></span> <span class='ocrx_word' id='word_1_194' title='bbox 735 3215 807 3270; x_wconf 88' lang='lat' dir='ltr'><strong>bene</strong></span> <span class='ocrx_word' id='word_1_195' title='bbox 820 3215 922 3270; x_wconf 88' lang='lat' dir='ltr'><strong>meruit</strong></span> <span class='ocrx_word' id='word_1_196' title='bbox 935 3215 970 3270; x_wconf 91' lang='lat' dir='ltr'><strong>iis</strong></span> <span class='ocrx_word' id='word_1_197' title='bbox 984 3234 1057 3286; x_wconf 90' lang='lat' dir='ltr'><strong>quae</strong></span> <span class='ocrx_word' id='word_1_198' title='bbox 1071 3233 1160 3288; x_wconf 89' lang='lat' dir='ltr'><strong>nuper</strong></span> 
     </span>
     <span class='ocr_line' id='line_1_27' title="bbox 148 3279 1158 3359; baseline 0.009 -25"><span class='ocrx_word' id='word_1_199' title='bbox 148 3281 187 3335; x_wconf 89' lang='lat' dir='ltr'><strong>de</strong></span> <span class='ocrx_word' id='word_1_200' title='bbox 202 3279 328 3334; x_wconf 91' lang='lat' dir='ltr'><strong>ed1t1one</strong></span> <span class='ocrx_word' id='word_1_201' title='bbox 338 3280 510 3336; x_wconf 74' lang='lat' dir='ltr'><strong>Salmntiea</strong></span> <span class='ocrx_word' id='word_1_202' title='bbox 523 3283 665 3338; x_wconf 86' lang='lat' dir='ltr'><strong>rarissima</strong></span> <span class='ocrx_word' id='word_1_203' title='bbox 678 3284 708 3338; x_wconf 88' lang='lat' dir='ltr'><strong>in</strong></span> <span class='ocrx_word' id='word_1_204' title='bbox 721 3285 861 3356; x_wconf 86' lang='lat' dir='ltr'><strong>Philologi</strong></span> <span class='ocrx_word' id='word_1_205' title='bbox 874 3287 927 3342; x_wconf 85' lang='lat' dir='ltr'><strong>vol.</strong></span> <span class='ocrx_word' id='word_1_206' title='bbox 937 3287 985 3341; x_wconf 88' lang='lat' dir='ltr'><strong>LX</strong></span> <span class='ocrx_word' id='word_1_207' title='bbox 998 3308 1024 3359; x_wconf 90' lang='lat' dir='ltr'><strong>p.</strong></span> <span class='ocrx_word' id='word_1_208' title='bbox 1036 3294 1088 3342; x_wconf 78' lang='lat'><strong>385</strong></span> <span class='ocrx_word' id='word_1_209' title='bbox 1098 3306 1158 3357; x_wconf 86' lang='lat' dir='ltr'><strong>sqq.</strong></span> 
     </span>
     <span class='ocr_line' id='line_1_28' title="bbox 147 3349 1160 3430; baseline 0.01 -26"><span class='ocrx_word' id='word_1_210' title='bbox 147 3368 220 3430; x_wconf 45' lang='lat' dir='ltr'><strong>nos·</strong></span> <span class='ocrx_word' id='word_1_211' title='bbox 235 3349 346 3406; x_wconf 89' lang='lat' dir='ltr'><strong>edocuit</strong></span> <span class='ocrx_word' id='word_1_212' title='bbox 371 3353 445 3407; x_wconf 91' lang='lat' dir='ltr'><strong>unde</strong></span> <span class='ocrx_word' id='word_1_213' title='bbox 471 3352 555 3406; x_wconf 86' lang='lat' dir='ltr'><strong>facile</strong></span> <span class='ocrx_word' id='word_1_214' title='bbox 584 3354 701 3425; x_wconf 85' lang='lat' dir='ltr'><strong>adparet</strong></span> <span class='ocrx_word' id='word_1_215' title='bbox 723 3356 874 3411; x_wconf 88' lang='lat' dir='ltr'><strong>editionem</strong></span> <span class='ocrx_word' id='word_1_216' title='bbox 901 3357 985 3412; x_wconf 91' lang='lat' dir='ltr'><strong>istam</strong></span> <span class='ocrx_word' id='word_1_217' title='bbox 1008 3375 1024 3412; x_wconf 90' lang='lat' dir='ltr'><strong>e</strong></span> <span class='ocrx_word' id='word_1_218' title='bbox 1046 3359 1160 3414; x_wconf 78' lang='lat' dir='ltr'><strong>Trinou-</strong></span> 
     </span>
     <span class='ocr_line' id='line_1_29' title="bbox 148 3421 1161 3500; baseline 0.011 -26"><span class='ocrx_word' id='word_1_219' title='bbox 148 3421 276 3476; x_wconf 85' lang='lat' dir='ltr'><strong>vellreno</strong></span> <span class='ocrx_word' id='word_1_220' title='bbox 286 3422 438 3492; x_wconf 86' lang='lat' dir='ltr'><strong>exemplari</strong></span> <span class='ocrx_word' id='word_1_221' title='bbox 446 3423 567 3478; x_wconf 89' lang='lat' dir='ltr'><strong>fideliter</strong></span> <span class='ocrx_word' id='word_1_222' title='bbox 573 3441 731 3495; x_wconf 83' lang='lat' dir='ltr'><strong>expressam</strong></span> <span class='ocrx_word' id='word_1_223' title='bbox 740 3427 812 3480; x_wconf 90' lang='lat' dir='ltr'><strong>nihil</strong></span> <span class='ocrx_word' id='word_1_224' title='bbox 821 3428 926 3498; x_wconf 91' lang='lat' dir='ltr'><strong>proprii</strong></span> <span class='ocrx_word' id='word_1_225' title='bbox 936 3430 1039 3484; x_wconf 89' lang='lat' dir='ltr'><strong>habere</strong></span> <span class='ocrx_word' id='word_1_226' title='bbox 1047 3433 1161 3500; x_wconf 85' lang='lat' dir='ltr'><strong>praeter</strong></span> 
     </span>
     <span class='ocr_line' id='line_1_30' title="bbox 148 3491 1034 3570; baseline 0.009 -23"><span class='ocrx_word' id='word_1_227' title='bbox 148 3491 364 3547; x_wconf 85' lang='lat' dir='ltr'><strong>emendationes</strong></span> <span class='ocrx_word' id='word_1_228' title='bbox 382 3493 507 3554; x_wconf 85' lang='lat' dir='ltr'><strong>Pintiani</strong></span> <span class='ocrx_word' id='word_1_229' title='bbox 525 3495 714 3565; x_wconf 81' lang='lat' dir='ltr'><strong>l&#39;errandique</strong></span> <span class='ocrx_word' id='word_1_230' title='bbox 732 3499 853 3567; x_wconf 80' lang='lat' dir='ltr'><strong>margini</strong></span> <span class='ocrx_word' id='word_1_231' title='bbox 872 3499 1034 3570; x_wconf 84' lang='lat' dir='ltr'><strong>adscriptas.</strong></span> 
     </span>
    </p>
   </div>
   <div class='ocr_carea' id='block_1_8' title="bbox 967 3587 1002 3640">
    <p class='ocr_par' dir='ltr' id='par_1_8' title="bbox 967 3587 1002 3640">
     <span class='ocr_line' id='line_1_31' title="bbox 967 3587 1002 3640; baseline 0 -24"><span class='ocrx_word' id='word_1_232' title='bbox 967 3587 1002 3640; x_wconf 57' lang='lat' dir='ltr'><strong>a*</strong></span> 
     </span>
    </p>
   </div>
   <div class='ocr_carea' id='block_1_9' title="bbox 0 0 1325 3928">
    <p class='ocr_par' dir='ltr' id='par_1_9' title="bbox 0 0 1325 3928">
     <span class='ocr_line' id='line_1_32' title="bbox 0 0 1325 3928; baseline 0 0"><span class='ocrx_word' id='word_1_233' title='bbox 0 0 1325 3928; x_wconf 95' lang='lat' dir='ltr'><strong> </strong></span> 
     </span>
    </p>
   </div>
  </div>
 </body>
</html>
