2650 3930
163 157 229 222 206
311 157 495 252 ΑΡΡΙΑβΟΤ
512 157 587 209 ΤΩΝ
604 158 822 210 ΕΠΙΚΤΗΤΟΤ
838 159 1035 212 ΔΙΑΤΡΙΒΩΝ

125 380 128 386 .
231 313 288 383 ια’.
331 319 513 403 Σποράδην
535 318 619 383 τινά.

230 421 286 508 ιβ’.
328 421 415 509 Περὶ
437 422 613 509 ἀσκήσεως.

231 527 286 614 ιγ’.
333 532 375 594 Τί
395 528 513 616 ἐρημία
534 528 592 595 καὶ
613 539 709 607 ποῖος
733 533 863 616 ἔρημος.

230 634 286 701 ιδ’.
328 635 511 721 Σπορόδην
533 637 617 702 τινό.

230 741 281 808 ιε’.
316 741 388 809 Ὅτι
412 745 464 808 δεῖ
484 741 767 828 περιεσκεμμένως
789 745 945 829 ἔρχεσθαι
968 741 1020 830 ἐφ’
1046 743 1177 812 ἕκαστα.
1206 770 1221 808 ⁵

229 848 284 921 ις’.
316 848 389 916 Ὅτι
425 850 572 934 εὐλαβῶς
604 851 658 915 δεῖ
686 849 906 934 συγκαθιέναι
938 853 986 929 είς
1018 869 1188 939 συμπερι-·

327 957 445 1042 φοράν.

229 1061 281 1143 ιζ’.
325 1062 411 1149 Περὶ
433 1064 600 1149 προνοίας.

229 1169 286 1256 ιη’.
313 1167 386 1234 Ὅτι
409 1169 450 1235 οὐ
474 1170 528 1233 δεῖ
547 1170 629 1254 πρὸς
650 1169 709 1246 τὰς
731 1168 885 1253 ἀγγελίας
907 1171 1137 1257 ταράττεσθαι.

229 1274 290 1341 ιδ’.
327 1279 383 1352 Τίς
406 1275 518 1351 στάσις
542 1275 676 1339 ἰδιώτου
699 1272 755 1339 καὶ
777 1279 975 1361 φιλοσόφου.
1191 1301 1220 1340 ιο

228 1380 272 1448 κ’.
314 1380 385 1446 Ὅτι
408 1379 472 1446 ἀπὸ
495 1380 630 1445 πάντων
651 1389 719 1444 τῶν
738 1379 831 1458 ἐκτὸς
854 1383 943 1446 ἔστιν
962 1382 1176 1468 ὠφελεῖσθαι.

227 1486 291 1555 κα’.
323 1490 417 1573 Πρὸς
438 1489 516 1564 τοὺς
538 1485 683 1564 εὐκόλως
705 1484 759 1551 έπί
785 1489 823 1552 τὸ
847 1491 1058 1573 σοφιστεύειν
1082 1489 1176 1577 έρχο-

327 1593 457 1682 μένους.

226 1701 293 1789 κβ’.
320 1699 408 1788 Περὶ
431 1704 616 1784 Κυνισμοῦ.

226 1809 291 1895 κγ’.
322 1811 415 1896 Πρὸς
432 1809 510 1884 τοὺς
528 1806 816 1888 ἀναγινώσκοντας
838 1804 893 1872 καὶ
917 1808 1175 1894 διαλεγομένους
1191 1830 1216 1869 ιτ

327 1916 558 1989 ἐπιδεικτικῶς.

226 2021 291 2088 κδ’.
326 2018 412 2105 Περὶ
439 2029 499 2085 τοῦ
529 2020 573 2103 μη
598 2019 669 2083 δεῖν
692 2020 916 2106 προσπάσχειν
937 2033 1008 2099 τοῖς
1031 2021 1093 2088 οὐκ
1116 2021 1169 2108 ἐφ’

325 2128 415 2211 ἡμῖν.

227 2231 286 2300 κε’.
328 2234 421 2317 Πρὸς
443 2235 523 2309 τοὺς
544 2230 789 2309 ἀποπίπτοντας
812 2226 859 2297 ὧν
881 2231 1076 2319 προέθεντο.

227 2337 291 2409 κς’.
326 2341 419 2425 Πρὸς
440 2342 518 2416 τοὺς
540 2339 602 2422 την
624 2336 767 2423 ἀπορίαν
791 2340 989 2418 δεδοικότας.
1188 2363 1215 2402 ιο

419 2834 461 2900 α’.
499 2833 599 2920 Περὶ
621 2839 911 2920 καλλωπισμοῦ.

126 3005 140 3053 1
226 2982 402 3056 Εἰσιόντος
428 2979 518 3054 τινὸς
545 2979 627 3061 πρὸς
658 2976 760 3042 αὐτὸν
787 2981 965 3043 νεανίσκου
994 2977 1173 3063 ῥητορικοῦ
1302 3001 1305 3058 <¹

158 3090 410 3176 περιεργότερον
438 3078 650 3169 ἡρμοσμένου
677 3084 739 3166 την
765 3084 872 3167 κόμην
899 3080 955 3148 καὶ
982 3085 1044 3168 την
1067 3084 1173 3168 ἄλλην
1303 3131 1304 3169 η

231 3313 331 3385 1ιιι’.]
351 3311 410 3368 ιδε
428 3312 506 3366 ιίιίο
523 3311 644 3364 κακιστε
657 3310 792 3378 usquead
809 3310 890 3375 finem
908 3309 1010 3365 ι’κόωίε
1028 3311 1172 3366 demen-
1302 3241 1303 3323 δ

157 3390 245 3456 tibus,
269 3392 302 3442 ατ
325 3399 382 3454 pro·
406 3378 453 3440 κς’
477 3387 634 3436 meretur
656 3379 707 3463 κε’Ι
743 3381 752 3448 ΙΙ
793 3384 809 3431 2
833 3381 957 3449 capitula
985 3381 1036 3453 ιβ’,
1061 3381 1105 3450 κγ’,
1130 3383 1171 3436 ιδ’
1301 3407 1302 3475 ρ

157 3461 258 3518 omissa
275 3464 301 3513 et
319 3474 338 3510 a
359 3455 528 3510 rubricatore
542 3457 606 3521 post
634 3451 675 3518 ιη’
695 3455 799 3505 amma
817 3457 882 3505 εαιιί
917 3453 926 3519 ΙΙ
964 3455 996 3505 15
1015 3452 1172 3522 ἀναγιγνώ-

160 3549 276 3592 ωοντας
298 3530 331 3584 in
348 3532 425 3582 ίικλα
456 3526 466 3593 ΙΙ
497 3528 531 3576 23
549 3520 742 3590 ἡσκημένονε
