2588 3914
190 214 257 279 464
406 217 436 270 ο.
464 215 735 268 ουουουοοιυα
753 217 983 270 μειουευυυυ

571 435 584 481 7
610 426 710 496 (Schw.
729 426 762 482 fr.
783 429 818 496 7).

260 531 299 587 Εί
318 531 414 595 θέλεις
436 536 526 595 καλῶς
548 532 678 601 ἀκούειν,
703 531 779 603 μάθε
803 536 894 596 καλῶς
916 531 1019 603 λέγειν’
1044 533 1152 603 μαθὼν
1174 532 1201 586 δὲ

187 626 278 686 καλῶς
296 620 387 692 λέγειν
405 630 493 692 πειρῶ
517 625 607 685 καλῶς
629 621 762 693 πράττειν
785 622 834 676 καλ
857 621 929 677 ούτω
948 623 1084 694 καρπώσῃ
1105 622 1138 676 τὸ
1157 641 1203 675 κα-

189 714 241 774 λῶς
258 711 383 767 ἀκούειν.

262 825 285 887 1,
302 823 351 872 131
368 817 402 873 Η.
422 822 460 888 (1,
475 822 508 871 52
523 818 585 887 M.);
606 821 696 889 Μοσῃ.
715 839 757 888 γυ.
772 823 802 886 2,
822 816 916 886 Μοσῃ.
931 818 978 872 ύπ.
995 823 1037 871 16.

565 1001 581 1049 ε
604 995 706 1064 (εσσε.
724 995 757 1050 fr.
780 999 831 1064 ιε).
1103 995 1205 1050 που

256 1099 383 1168 Ἐξέταζε
412 1100 528 1169 σαυτόν,
558 1098 663 1170 πότερα
687 1106 817 1156 πλουτεῖν
840 1097 936 1163 θέλεις
962 1097 980 1168 ἢ
1014 1101 1205 1170 εὐδαιμονεῖν.

192 1190 241 1246 καί
254 1189 282 1246 εί
293 1191 345 1262 μὲν
364 1194 504 1257 πλουτεῖν,
523 1193 593 1259 ίοθι,
613 1190 657 1247 ὅτι
674 1191 737 1247 οὐτε
752 1190 866 1260 ἀγαθὸν
886 1189 949 1244 οὐτε
969 1184 1016 1243 ἐπί
1035 1188 1081 1243 σολ
1100 1187 1205 1259 πάντῃ·

192 1277 219 1334 εί
240 1279 271 1334 δὲ
296 1282 488 1350 εὐδαιμονεῖν,
513 1280 556 1336 ὅτι
578 1281 628 1336 καὶ
650 1281 764 1350 ἀγαθὸν
792 1280 841 1334 κοιλ
864 1275 911 1334 ἐπὶ
933 1279 990 1333 συί·
1017 1273 1080 1332 ἐπεὶ
1100 1278 1134 1332 τὸ
1159 1276 1206 1347 μὲν

187 1366 272 1435 τύχῃς
287 1361 434 1436 ἐπίκαιρον
444 1367 569 1436 δάνειον,
583 1368 615 1423 τὸ
630 1368 661 1423 δὲ
673 1369 733 1440 [τῆς
747 1367 941 1438 εὐδαιμονίας]
953 1365 1147 1438 προαιρέσεως
1150 1408 1205 1421 .....

262 1473 580 1544 αωῌμαυῃ

561 1660 577 1708 9
600 1653 700 1724 (Sebw,
719 1654 752 1709 fr.
772 1656 826 1724 20).

258 1756 400 1828 Καθάπερ
428 1756 487 1829 ἔῃιυ
522 1756 539 1828 ἢ
567 1761 676 1814 ἀσπίδα
707 1757 725 1828 ἢ
759 1762 894 1832 σκορπίον
927 1755 958 1814 ἐν
986 1754 1161 1829 ἒλεφαντίνῃ
1188 1753 1203 1821 ἢ

188 1852 275 1916 χρυσῇ
297 1847 442 1917 θεώμενος
464 1850 543 1920 κίστῃ
572 1850 605 1903 οὐ
628 1848 678 1903 διὰ
704 1849 736 1904 τὸ
759 1849 906 1912 πολυτελὲς
928 1855 977 1917 τῆς
1000 1846 1067 1916 ύλῃς
1091 1847 1204 1919 ἀγαπᾷς

187 1934 235 1988 καλ
254 1935 464 2004 εὐδαιμονίζεις,
484 1934 555 2005 ἀλλ’,
576 1936 618 1992 ὅτι
632 1937 786 2007 λυμαντικὴ
801 1937 819 2006 ἡ
834 1937 926 2005 φύσις,
947 1931 1066 2007 ίκτρύπῃ
1082 1935 1134 1990 καλ
1153 1954 1202 2004 μυ·
1271 1945 1272 1996 λ

187 2020 281 2094 σάττῃ,
302 2021 374 2077 ούτιο
392 2024 442 2078 καὶ
461 2020 578 2080 ἐπειδάν
597 2021 628 2081 ἔν
647 2027 756 2098 πλούτῳ
775 2026 824 2080 καλ
843 2025 916 2098 ὄγκῳ
934 2028 1019 2095 τύχῃς
1036 2022 1134 2095 θεάσῃ
1153 2042 1201 2076 κα·
1271 1997 1272 2078 ὐ

187 2111 253 2163 κίαν
277 2105 409 2180 ἐνοῦσαν,
438 2113 474 2183 μὴ
499 2119 678 2186 καταπλαμῃς
701 2117 732 2170 τὸ
755 2114 927 2186 περιλαμπὲς
949 2121 998 2182 τῆς
1021 2111 1104 2181 ύλης,
1134 2109 1202 2168 ἀλλά
1223 2128 1233 2167 1

187 2197 362 2270 καταφρόνει
379 2208 428 2270 τῆς
447 2197 478 2256 ἐν
496 2209 534 2275 τῷ
552 2202 645 2276 τρόπῳ
664 2205 818 2276 κιβδηλίας.

260 2310 285 2372 1,
302 2313 351 2360 133
365 2306 400 2360 Η.
421 2312 457 2378 (5,
472 2315 506 2363 85
521 2309 583 2377 M.);
602 2314 693 2381 Μοσῃ.
708 2312 754 2366 ὐπ.
772 2319 813 2366 18.
835 2343 868 2352 -
886 2311 921 2367 cf.
938 2313 1012 2368 Sext.
1029 2319 1088 2368 192.

556 2493 587 2542 10
610 2486 711 2557 (Schw.
729 2489 762 2543 fr.
784 2494 837 2557 ⁴21).

258 2589 306 2645 *Ὀ
323 2595 442 2655 πλοῦτος
460 2594 492 2647 οὐ
512 2601 566 2647 τῶν
585 2594 718 2663 ἀγαθῶν,
742 2593 759 2662 ἡ
779 2592 942 2649 πολυτέλεια
969 2605 1025 2651 τῶν
1047 2604 1158 2662 κακῶν,
1181 2593 1197 2661 ἡ

188 2679 353 2749 σωφροσύνη
382 2689 437 2735 τῶν
455 2681 582 2751 ἀγαθῶν.
620 2686 702 2737 καλεῖ
725 2682 755 2736 δὲ
779 2681 797 2750 ἡ
821 2683 871 2752 μὲν
896 2684 1063 2754 σωφροσύνῃ
1083 2679 1132 2738 ἐπὶ
1150 2685 1197 2751 τὴν

187 2766 328 2822 εὐτέλειαν
347 2770 395 2823 καλ
417 2769 468 2839 τὴν
491 2777 589 2838 κτῆσιν
607 2779 662 2824 τῶν
686 2772 818 2840 ἀγαθῶν,
845 2770 860 2825 δ
884 2772 915 2826 δὲ
935 2776 1054 2835 πλοῦτος
1077 2767 1126 2826 ίπλ
1149 2771 1197 2839 τὴν

185 2859 367 2912 πολυτέλειαν
386 2857 434 2912 καλ
452 2855 571 2926 ἀφέλκει
586 2865 635 2926 τῆς
649 2859 838 2929 σωφροσύνης.
860 2861 873 2895 b
894 2861 1026 2932 δυσχερὲς
1039 2861 1097 2931 άρα
1115 2864 1198 2915 πλου·

186 2953 288 3000 τοῦντα
307 2953 464 3017 σωφρονεῖν
483 2943 500 3014 ἢ
520 2956 722 3017 σωφρονοῦντα
741 2952 880 3003 πλουτεῖν.
1220 2963 1229 3002 ⁵

261 3060 283 3119 1,
301 3056 352 3106 134
365 3051 399 3105 Η.
419 3055 455 3123 (5,
471 3059 505 3108 86
520 3053 577 3112 Μ.).
598 3085 630 3093 -
649 3052 748 3108 bSext.
767 3060 829 3118 1933
849 3053 884 3108 cf.
904 3054 1049 3110 Enoh.13.

263 3306 286 3352 7.
316 3297 389 3352 1Εί
406 3299 499 3368 βούλει
520 3301 558 3354 Tr

260 3372 284 3420 8.
314 3374 328 3419 1
352 3367 470 3437 πότερον
492 3371 530 3424 Tr
570 3373 579 3439 ΙΙ
620 3379 636 3425 4
659 3379 708 3440 τῆς
732 3373 915 3441 εὐδαιμονίας
942 3375 992 3428 del.
1021 3373 1130 3444 Ηεοσες
1152 3376 1197 3446 ραι

190 3436 304 3504 (κτῆσις
322 3438 533 3510 ἀναφαίρετος)
556 3443 598 3496 vel
620 3444 707 3497 simile
729 3444 797 3512 quid
819 3444 1003 3512 supplendum
1021 3454 1117 3501 σεκιει.

264 3511 303 3558 10.
335 3514 347 3558 1
368 3507 538 3563 desideratur
557 3509 688 3578 εὐτέλεια,
707 3516 765 3568 sine
784 3531 839 3582 qua
857 3516 993 3571 orationis
1010 3518 1130 3572 membra
1148 3517 1200 3573 sibi

190 3589 247 3626 κου
262 3576 425 3642 respondent
455 3577 465 3643 λ
496 3579 591 3649 anal]
611 3577 627 3646 ἢ
647 3582 685 3635 M
711 3587 721 3652 ΙΙ
752 3582 804 3652 τὴν
822 3601 873 3638 om.
893 3584 921 3638 A
