2650 3930
24 199 25 202 ’
141 207 184 258 (11,
199 207 231 258 ιο,
244 202 322 253 ε-ιε)
431 193 585 246 ΒΙΒΔΙΟΝ
602 194 803 247 ΔΕΥΤΕΡΟΝ.
828 193 882 248 ιδ’.
1089 191 1151 256 171

139 360 344 438 θαυμαστῶς
361 351 399 418 έν
417 362 462 440 τῷ
480 355 599 442 πρώτῳ
617 352 692 439 περὶ
710 355 873 421 δυνατῶν.
907 351 962 420 καὶ
977 352 1154 438 Κλεάνθης

140 455 171 524 δ’
202 460 272 546 ίδίηι
293 456 460 544 γέγραφεν
481 461 554 544 περὶ
577 460 697 525 τούτου
720 457 776 525 καὶ
794 456 1001 544 Ἀρχέδημος.
1036 457 1153 544 γέγρα-

138 587 206 650 φεν
229 561 265 631 δὲ
288 562 344 630 καὶ
363 560 587 649 Ἀντίπατρος,
609 564 651 630 ού
673 568 779 649 μόνον
803 562 832 630 δ’
856 563 893 630 έν
911 562 1073 649 τοῖςπερὶ
1094 567 1153 630 δυ-

137 681 267 754 νατῶν,
296 670 380 737 ἀλλὰ
402 668 458 736 καὶ
479 667 550 736 κατ’
577 672 668 737 ίδίαν
691 669 728 736 έν
749 680 820 748 τοῖς
841 667 917 756 περὶ
938 680 999 736 τοῦ
1021 673 1152 756 κυριεύ-

108 799 245 854 εοντος.
283 775 344 842 οὐκ
367 774 556 859 ἀνέγνωκας
576 777 640 859 τὴν
657 774 841 855 σύνταξιν;’
865 775 938 842 εοὐκ
958 774 1150 859 ἀνέγνωκα.’
1171 794 1204 844 10

138 881 348 965 ’ἀνάγνωθιῖ
392 881 448 948 καὶ
469 885 506 950 τί
525 882 789 969 ὠφεληθήσεται;
813 885 1039 968 φλναρότερος
1060 885 1151 947 ἔσται

136 986 194 1053 καί
216 986 429 1075 ἀκαιρότερος
455 988 476 1072 ἦ
504 999 569 1055 νῦν
595 987 674 1055 ἐστι.
719 988 773 1055 σοί
800 989 864 1075 γάρ
890 990 926 1054 τί
945 988 1026 1052 ἀλλο
1049 1004 1151 1073 προσ-

137 1090 277 1176 γέγονεν
300 1093 495 1178 ἀναγνόντα
525 1106 624 1161 ποίον
652 1096 760 1179 δόγμα
785 1097 961 1178 πεποίησαι
987 1093 1069 1158 κατὰ
1091 1095 1151 1158 τὸν

136 1201 255 1277 τόπους
285 1196 356 1264 ἀλλ’
384 1197 470 1287 ἐρεῖς
497 1197 577 1282 ἡμῖν
594 1195 733 1284 Ἑλένην
754 1196 810 1265 καὶ
832 1201 989 1283 Πρίαμον
1011 1196 1067 1264 καὶ
1088 1200 1150 1283 τὴν

95 1313 195 1388 ιοτης
223 1305 535 1389 Καλυψοῦςνῆσον
562 1305 622 1388 τὴν
652 1304 728 1370 ούτε
761 1302 944 1388 γενομένην
977 1301 1047 1370 οὔτ’
1078 1304 1150 1370 έσο-

136 1407 251 1494 μένην.

204 1513 272 1580 Καὶ
295 1514 441 1582 ἐνταῦθα
464 1511 526 1599 μέν
544 1511 645 1579 οὐδὲν
664 1513 747 1597 μέγα
764 1524 822 1598 τῆς
841 1515 985 1600 ἱστορίας
1003 1528 1147 1600 κρατεῖν,
1168 1534 1199 1581 11

137 1621 227 1686 ίδιον
256 1617 293 1685 δὲ
320 1622 427 1705 δόγμα
455 1615 559 1704 μηδὲν
586 1625 796 1703 πεποιῆσθαι.
843 1618 895 1684 ἐπὶ
922 1631 990 1685 τῶν
1017 1621 1148 1704 ἠθικῶν

136 1722 174 1791 δὲ
196 1725 366 1812 πάσχομεν
393 1724 474 1791 αὐτὸ
501 1726 587 1790 πολὺ
615 1728 742 1809 μᾶλλον
764 1723 785 1807 ἣ
808 1721 862 1789 ἐπὶ
884 1725 1020 1790 τούτων.
1066 1724 1152 1791 λείπέ
1155 1743 1201 1811 ,12

98 1852 122 1892 15
137 1854 195 1915 μοι
217 1828 293 1917 περὶ
316 1827 532 1914 ἀγαθῶνκαὶ
555 1828 687 1895 κακῶν.’
732 1830 845 1894 ἀκουε·

276 1967 396 2024 Ἰλιόθεν
415 1986 448 2038 με
468 1966 563 2038 φέρων
581 1968 684 2038 άνεμος
702 1966 851 2023 Κικόνεσσι
870 1965 1015 2023 πέλασσεν.

135 2123 212 2178 τῶν
237 2113 362 2178 ὄντων
384 2113 428 2177 τά
451 2110 521 2196 μέν
539 2112 646 2177 ἐστιν
670 2110 815 2195 ἀγαθά,
838 2113 883 2176 τά
907 2108 948 2177 δέ
971 2113 1083 2196 κακά,
1105 2115 1146 2179 τά
1168 2131 1198 2179 13

136 2216 168 2284 δ’
194 2217 400 2303 ἀδιάφορα.
446 2215 575 2300 ἀγαθὰ
602 2213 671 2301 μὲν
699 2211 771 2283 οὖν
792 2217 835 2282 αί
859 2216 994 2303 ἀρεταὶ
1017 2217 1080 2284 καὶ
1102 2220 1146 2284 τά

135 2321 350 2409 μετέχοντα
378 2323 521 2407 αὐτῶν,
548 2324 644 2388 κακά
668 2319 708 2388 δὲ
731 2326 863 2388 κακίαι
886 2321 1016 2388 καὶτὰ
1039 2324 1146 2407 μετέ-

94 2453 256 2516 ιογοντα
280 2433 431 2513 κακίας,
459 2429 656 2515 ἀδιάφορα
680 2425 721 2494 δὲ
745 2429 790 2493 τά
813 2427 954 2514 μεταξὺ
982 2431 1146 2514 τούτων,

133 2540 319 2620 πλοῦτος,
341 2535 489 2619 ὑγίεια,
516 2537 603 2619 ζωή,
626 2535 814 2619 θάνατος,
837 2534 977 2618 ἡδονή,
1004 2536 1144 2614 πόνος.’

208 2805 242 2852 14
260 2795 442 2867 (slm')-1'12‚
458 2802 490 2851 12
509 2799 610 2921 (αεριιε
624 2796 661 2850 ad
674 2812 771 2851 vocem
793 2796 1047 2868 κατηγορούμενον)
1068 2799 1144 2868 apud

135 2867 258 2923 Gellium
278 2869 359 2924 Noct.
378 2867 514 2936 Att.1.2‚
530 2873 545 2921 8
576 2874 705 2937 eguntur.

208 2946 241 2992 14
252 2956 313 3008 sqq.
341 2939 427 2993 Ench.
451 2944 498 2993 49:
526 2941 630 3007 μᾶλλον
658 2933 709 2992 ούν
737 2935 804 2992 ὅταν
831 2959 872 3001 τις
900 2939 965 3011 είπη
992 2958 1040 3008 μοι
1065 2934 1144 2994 ’ἐπα
1231 2948 1234 2954 ’
1307 2982 1308 3009 ,

134 3008 269 3079 νάγναθί
283 3028 330 3079 μοι
348 3009 535 3079 Χρύσιππον,
563 3005 686 3078 έρνθριῶ
709 3006 777 3062 ὅταν
800 3009 837 3079 μὴ
861 3008 989 3080 δύνωμαι
1007 3009 1091 3080 ὅμοια
1108 3010 1144 3065 τὰ

135 3079 204 3151 ἔργα
222 3079 272 3135 καί
291 3079 428 3150 σύμφωνα
446 3075 635 3134 ἐπιδεικνύειν
653 3084 711 3141 τοῖς
730 3080 828 3149 λόγοις.
994 3087 997 3092 “

209 3158 241 3207 16
259 3150 341 3207 Hom.
361 3149 460 3220 Odyss.
480 3171 491 3205 ι
510 3156 551 3206 39.

208 3227 241 3277 17
251 3239 310 3290 sqq.
331 3221 409 3278 Stob.
429 3221 479 3276 ecl.
498 3220 532 3290 11,
553 3226 577 3289 7,
598 3225 629 3274 ό·
643 3247 676 3266 -
691 3219 782 3277 Laert.
798 3218 879 3290 Diog.
894 3220 954 3289 VII,
971 3225 995 3288 1,
1010 3227 1044 3276 60
1059 3223 1143 3292 (101).

207 3466 278 3537 τίς*
296 3487 335 3525 απ
352 3466 388 3536 ἣ*
407 3468 435 3536 S,
454 3470 587 3525 incertum
605 3474 644 3524 est
663 3472 691 3534 (ν
712 3473 792 3534 eras.)
822 3471 832 3536 η
865 3474 898 3524 18
916 3468 948 3523 δὲ
968 3468 1036 3524 Gall.
1068 3472 1077 3538 Ι
1110 3474 1143 3522 19

136 3541 248 3611 κακίαι]
267 3542 353 3594 κακία
374 3540 443 3596 Gen.
474 3542 483 3607 fl
515 3545 548 3594 21
568 3557 629 3592 rm
647 3540 724 3594 codd.
745 3539 842 3594 Gellii.-
860 3540 941 3608 όγεία
959 3539 1046 3594 Hertz
