2650 3930
201 161 264 226 176
346 162 528 216 ΑΡΡΙΔΝΟΤ
546 162 620 214 ΤΩΝ
638 162 854 214 ΕΠΙΚΤΗΤΟΤ
872 160 1065 213 ΔῙΑΤΡΙΒΩΝ

164 337 180 385 ε
268 321 363 387 Οὕτω
387 320 442 386 καὶ
462 319 663 407 Ἐπίκουρος,
686 322 766 387 ὅταν
785 320 935 404 ἀναιρεῖν
953 319 1037 407 θέλη
1060 323 1122 405 τήν
1146 345 1213 405 φυ-

200 428 297 510 σικήν
318 429 499 492 κοινωνίαν
521 426 714 510 ἀνθρώποις
735 429 818 511 πρὸς
846 426 1024 510 ἀλλήλους,
1052 427 1142 513 αὐτῷ
1164 437 1212 516 τῷ

165 531 429 621 τάναιρουμένω
457 541 647 618 συγγρήται.
692 535 728 598 τί
752 534 814 618 γάρ
843 529 944 615 λέγει;
978 531 1042 616 “μή
1071 531 1213 612 ἐξαπα-

199 644 336 721 τᾶσθε,
363 639 584 723 ἀνθρωττοι,
611 635 710 723 μηδὲ
737 638 963 724 παράγεσθε
995 634 1092 722 μηδὲ
1125 640 1213 703 δια-

198 748 370 810 πίπτετε·
399 744 469 810 οὐκ
496 747 578 811 ἔστι
605 746 751 829 φυσική
779 747 970 810 κοινωνία
996 755 1080 820 τοῖς
1102 748 1213 827 λογι-
1241 769 1255 808 5

199 862 283 928 κοῖς
305 852 402 936 πρὸς
423 848 633 934 ἀλλήλους·
661 847 897 915 πιστεύσατέ
921 873 996 934 μοι.
1041 850 1082 915 οἱ
1102 846 1144 916 δὲ
1166 852 1213 916 τά

200 955 312 1042 ἕτερα
335 954 516 1048 λέγοντες
535 955 779 1035 ἐξαπατῶσιν
796 955 895 1040 ὑμᾶς
913 954 977 1022 καλ
995 960 1213 1041 παραλογί-

165 1079 181 1128 8
202 1060 354 1140 Koma!
398 1066 434 1127 τί
454 1057 516 1127 οὖν
539 1078 592 1128 σοι
615 1061 719 1146 μέλεα
745 1063 826 1146 ἀφες
847 1061 932 1145 ἡμᾶς
955 1060 1211 1146 ἐξαπατηθῆναι.
1308 1053 1309 1058 ¹

200 1169 244 1251 μή
267 1191 299 1232 τι
321 1178 434 1251 χεῖρον
456 1165 663 1251 ἀπαλλάξεις,
686 1167 728 1233 ἀν
750 1168 869 1244 πάντες
892 1169 928 1234 οί
947 1169 1042 1233 άλλοι
1064 1174 1212 1235 πεισθῶ-

200 1295 262 1355 μεν
290 1272 339 1336 ὅτι
371 1274 495 1355 φυσική
526 1271 617 1338 ἐστιν
642 1273 723 1356 ήμίν
750 1278 910 1338 κοινωνία
936 1274 1019 1357 πρὸς
1047 1271 1213 1360 ἀλλήλους
1227 1299 1254 1336 ιο
1309 1297 1310 1310 ’

201 1375 256 1442 καὶ
287 1378 410 1460 ταύτην
442 1379 496 1442 ἀεί
524 1376 623 1444 παντὶ
660 1381 770 1467 τρόπω
802 1378 1000 1463 φυλάσσειν;
1038 1376 1094 1444 καὶ
1125 1382 1212 1444 πολὺ

166 1500 181 1549 9
201 1493 356 1567 κρεῖσσον
385 1481 440 1547 καὶ
464 1481 717 1570 ἀσφαλέστερον.
763 1485 933 1569 άνθρωπε,
955 1487 990 1548 τί
1008 1481 1093 1567 ὑπὲρ
1116 1484 1212 1568 ἡμῶν

200 1591 400 1674 φροντίζεις,
427 1592 463 1653 τί
488 1585 532 1654 δι’
564 1589 648 1673 ήμᾶς
670 1590 865 1675 ἀγρυπνεῖς,
886 1593 922 1654 τί
941 1590 1066 1675 λύχνον
1088 1591 1212 1672 ἀπτεις,

201 1698 236 1760 τί
260 1694 489 1779 ἐπανίστασαι,
515 1699 551 1760 τί
575 1701 752 1780 τηλικαῦτα
779 1698 892 1780 βιβλία
921 1696 1134 1781 συγγράφεις;
1166 1699 1212 1780 μή
1311 1682 1312 1754 λ

200 1825 250 1878 τις
270 1801 364 1885 ἡμῶν
387 1801 574 1888 ἐξαπατηθῇ
593 1800 668 1886 περὶ
690 1807 782 1866 θεῶν
801 1801 845 1878 ὡς
868 1799 1135 1885 ἐπιμελουμένων
1154 1800 1213 1866 ἀν-
1227 1825 1254 1864 1⁵

201 1908 348 1991 θρώπων
370 1907 390 1989 ή
414 1908 459 1990 μή
482 1931 531 1982 τις
554 1908 657 1991 ἀλλην
680 1906 799 1973 οὐσίαν
821 1906 973 1993 ἀπολάβη
995 1915 1056 1972 τοῦ
1078 1905 1212 1990 ἀγαθοῦ

150 2010 222 2094 1οή
249 2010 390 2093 ήδονήν;
425 2013 458 2076 εί
482 2012 545 2097 γάρ
575 2011 660 2077 οὕτω
688 2023 790 2079 ταῦτα
817 2015 899 2098 ἔχει,
926 2013 1039 2097 βαλὼν
1066 2013 1212 2078 κάθευδε

202 2113 257 2180 καί
275 2116 314 2179 τά
331 2125 392 2180 τοῦ
411 2117 577 2200 σκώληκος
594 2121 693 2202 ποίει,
716 2114 764 2183 ὧν
787 2117 881 2197 ἀξιον
901 2120 1033 2204 ἔκρινας
1056 2121 1212 2184 σεαυτόν·

202 2223 294 2286 ἔσθιε
317 2219 372 2286 καὶ
394 2233 469 2286 πῖνε
493 2221 547 2287 καὶ
571 2227 766 2302 συνουσίαζε
784 2223 839 2289 καὶ
859 2223 1004 2311 ἀφόδευε
1026 2222 1082 2289 καὶ
1105 2221 1211 2308 ῥέγκε.

150 2346 181 2394 11
202 2331 237 2393 τί
257 2325 298 2392 (λε’
318 2343 371 2393 σοι
394 2328 496 2412 μέλει,
521 2339 591 2406 πῶς
613 2330 649 2395 οί
668 2330 763 2395 ἀλλοι
787 2329 1014 2415 ὑπολήψονται
1036 2327 1113 2414 περὶ
1135 2331 1212 2395 τού·
1227 2352 1254 2389 ιο

201 2460 282 2515 των;
303 2438 443 2521 πότερον
462 2424 601 2520 ὑγιῶςή
621 2435 682 2522 οὐχ
700 2435 816 2520 ὑγιῶς;
836 2440 871 2502 τί
885 2437 949 2521 γάρ
970 2435 1024 2503 σοὶ
1041 2433 1096 2502 καλ
1115 2435 1211 2519 ήμῖν;

201 2555 268 2609 τῶν
291 2543 354 2628 γάρ
376 2541 553 2628 προβάτων
576 2558 628 2607 σοι
652 2541 759 2626 μέλει,
786 2543 836 2609 ὅτι
864 2541 998 2628 παρέχει
1025 2541 1105 2628 ἡμῖν
1128 2539 1212 2606 αὑτά

202 2652 411 2732 καρησόμενα
433 2646 488 2713 καὶ
511 2647 787 2733 ἀμελχθησόμενα
809 2646 864 2713 καὶ
887 2651 925 2714 τὸ
943 2653 1133 2713 τελευταῖον
1155 2671 1213 2711 κα-

152 2769 183 2816 12
203 2757 460 2838 τακοπησόμενα.
507 2750 581 2838 οὐχὶ
609 2750 638 2816 δ’
667 2753 820 2819 εὐκταῖον
846 2749 905 2838 ήν,
934 2753 966 2818 εί
994 2752 1156 2819 ἐδύναντο
1180 2753 1216 2818 os

203 2858 377 2941 ἀνθρωποι
408 2856 689 2942 κατακηληθέντες
724 2857 779 2924 καὶ
816 2857 1013 2947 ἑπᾳσθέντες
1047 2858 1112 2925 ὑπὸ
1145 2869 1213 2924 τῶν
1227 2877 1254 2917 25

203 2967 362 3027 Στωικῶν
376 2963 613 3042 ἀπονυστάζειν
627 2963 683 3030 καὶ
697 2964 852 3051 παρέχειν
866 2982 919 3031 σοι
933 2963 1071 3042 καὶτοῖς
1085 2965 1214 3049 ὁμοίοις

153 3087 184 3134 13
203 3066 449 3153 καρησομένους
467 3068 522 3134 καὶ
540 3069 853 3156 ἀμελγθησομένους
874 3069 1024 3149 ἕαυτούς;
1048 3073 1131 3156 πρὸς
1148 3071 1212 3156 γάρ

1302 2611 1313 2652 ί

276 3266 360 3328 lsqq.
379 3260 457 3329 Epic.
475 3259 523 3316 Us.
538 3260 638 3331 fragm.
658 3268 710 3316 523
730 3265 767 3334 (p.
784 3268 844 3332 318,
859 3265 912 3332 28).

275 3443 290 3490 7
309 3437 381 3504 ὑμᾶς
394 3453 421 3490 s:
435 3435 547 3504 ήμᾶςδ
570 3438 580 3504 ss
607 3443 640 3490 22
656 3437 728 3492 αὐτὰ
744 3437 776 3492 S:
790 3454 887 3493 eom
908 3441 918 3506 Ι]
940 3387 1215 3506 λάκατακηληθέντες

203 3506 225 3560 S
242 3508 251 3574 ΙΙ
270 3501 499 3568 ἐπαεισθέντεςά
511 3508 569 3572 (sed
583 3524 609 3560 ει
622 3524 635 3561 ι
648 3524 716 3570 σοιν.
731 3525 749 3562 a
764 3507 793 3567 δι
809 3515 835 3562 ιλ
847 3524 944 3563 rursus
953 3527 971 3563 ιι
985 3525 1069 3562 manu
1083 3526 1135 3564 rec.
1149 3510 1213 3574 ἀεί.)
