2626 3924
175 177 243 240 334
324 177 506 230 ΑΡΡΙΔΝΟΤ
524 177 599 228 ΤΩΝ
617 174 834 226 ΕΠΙΚΤΗΤΟΤ
851 174 1047 226 ΔΙΑΤΡῙΒΩΝ

124 358 174 406 123
232 335 331 402 Ὥστε
354 335 536 422 Σωκράτης
562 335 624 401 οὐκ
652 334 770 421 ἔπραξε
797 346 919 414 κακῶς;
947 371 991 383 -
1021 335 1090 416 Ού,
1114 331 1196 400 ἀλλ’·

176 444 211 508 οί
226 438 377 507 δικασταὶ
395 438 451 506 καὶ
469 442 506 506 οί
520 447 708 526 κατήγοροι.
725 479 763 488 -
782 438 865 506 Οὐδ’
888 440 926 507 ἐν
938 437 1046 527 Ῥώμη
1060 438 1192 506 Ἓλονί-
1299 441 1300 474 ³

123 551 262 628 124διοςς
285 585 328 595 -
354 548 419 631 Οὔ,
448 545 519 612 ἀλλ’
547 548 565 614 ὁ
593 546 789 624 ἀποκτείνας
815 547 929 614 αὐτόν.
960 584 998 594 -
1029 551 1110 624 Πῶς
1137 545 1191 612 λε’-

176 678 259 739 γεις;
273 651 383 732 -Ὡς
401 650 456 719 καὶ
476 657 517 719 σὺ
536 652 741 740 ἀλεκτρυόνα
759 654 800 720 ού
819 652 926 737 λέγεις
942 664 1051 730 κακῶς
1067 651 1191 738 πρᾶξαι
1300 626 1301 700 δ

175 763 235 828 τὸν
257 763 438 844 νικήσαντα
460 757 516 825 καὶ
539 758 775 843 κατακοπέντα,
799 760 882 826 ἀλλά
902 762 963 826 τὸν
980 759 1111 842 ἀπληγα
1134 759 1190 842 ἡτ·
1216 780 1230 819 τ

175 866 332 952 τηθέντα·
364 863 443 932 οὐδὲ
468 866 555 930 κύνα
577 864 817 949 εὐδαιμονίζεις
839 867 898 931 τὸν
921 869 1002 950 μήτε
1026 865 1191 930 διώκοντα
1296 829 1301 892 ⁴

176 975 255 1058 μήτε
278 982 458 1053 πονοῦντα,
482 967 553 1036 ἀλλ’
576 971 657 1036 ὅταν
681 971 825 1057 ίδρῶντα
848 971 933 1056 ίδης,
956 971 1037 1036 ὅταν
1060 969 1192 1034 όδυνώ·
1301 960 1302 1010 ³

125 1100 294 1163 ονομενον,
323 1078 403 1142 ὅταν
431 1076 642 1162 ῥηγνύμενον
664 1076 730 1142 ὑπὸ
758 1085 818 1142 τοῦ
847 1078 983 1163 δρόμου.
1028 1077 1064 1140 τί
1084 1097 1191 1160 παρα·
1301 1079 1302 1102 ¹

177 1183 431 1266 δοξολογοῦμεν,
455 1184 487 1246 εί
507 1184 648 1268 λέγομεν
670 1185 794 1261 παντὸς
811 1184 914 1260 κακὸν
937 1177 1023 1247 εἶναι
1043 1183 1081 1247 τὸ
1100 1182 1190 1268 παρὰ

176 1290 238 1372 τὴν
270 1288 400 1354 ἐκείνου
431 1289 549 1372 φύσιν,
582 1297 680 1355 τοῦτο
713 1288 903 1375 παράδοξόν
936 1287 1018 1366 ἐστι;
1051 1290 1091 1352 σὺ
1123 1288 1189 1372 γὰρ
1205 1310 1232 1349 ιο
1302 1303 1303 1322 ¹

176 1395 257 1460 αὐτὸ
285 1393 338 1459 ἐπὶ
365 1395 500 1460 πάντων
527 1406 594 1461 τῶν
621 1398 732 1462 ἀλλων
763 1396 804 1461 ού
838 1393 958 1479 λέγεις;
992 1395 1048 1460 διά
1075 1396 1111 1459 τί
1135 1391 1190 1459 ἐπὶ

126 1502 282 1585 ιοομόνου
306 1496 450 1568 οὖντοῦ
473 1500 656 1586 ἀνθρώπου
678 1504 786 1580 άλλως
803 1500 905 1588 φέρῃς
929 1498 1001 1566 ἀλλ’
1025 1501 1075 1566 ὅτι
1095 1498 1191 1583 λόγο-

176 1631 238 1692 μεν
259 1608 405 1692 ἥμερον
428 1603 532 1674 εἶναι
554 1616 623 1674 τοῦ
646 1607 860 1695 ἀνθρώπου
885 1609 956 1691 τὴν
980 1607 1102 1691 φύσιν
1125 1604 1191 1670 καὶ

175 1715 422 1800 φιλάλληλον
437 1713 502 1779 καὶ
517 1715 674 1797 πιστην,
690 1724 788 1780 τοῦτο
801 1712 992 1800 παράδοξον
1007 1712 1069 1779 οὐκ
1082 1714 1189 1789 ἔστινς

124 1844 218 1892 127-
231 1818 320 1885 Οὐδὲ
333 1830 441 1888 τοῦτο.
452 1857 491 1868 -
501 1825 581 1897 Πῶς
594 1814 656 1885 οὖν
670 1822 718 1885 ἔτι
732 1820 773 1886 ού
788 1821 965 1904 δερόμενος
978 1818 1157 1902 βλάπτεται
1169 1817 1191 1902 ἢ
1205 1840 1231 1880 15

176 1928 418 2010 δεσμευόμενος
435 1925 455 2008 ἢ
471 1924 802 2010 ἀποκεφαλιζόμενος;
821 1923 895 2011 ούχὶ
909 1921 1006 2002 οὗτος
1019 1922 1094 2009 μέν,
1114 1924 1190 2007 <εί>
1298 1963 1305 2016 ⁴

176 2034 337 2114 γενναίως
359 2031 489 2116 πάσχει,
511 2028 566 2096 καί
584 2034 858 2119 προσκερδαίνων
877 2033 933 2097 καί
950 2031 1190 2115 προσωφελού-

175 2159 275 2222 μενος
302 2135 491 2222 ἀπέρχεται,
518 2137 644 2216 ἐκεῖνος
670 2135 708 2203 δὲ
735 2141 961 2223 βλαπτόμενός
987 2137 1078 2203 ἐστιν
1106 2137 1190 2204 ότδι

176 2246 368 2332 οἰκτρότατα
399 2243 535 2329 πάσχων
562 2241 617 2309 καί
650 2251 816 2330 αἴσχιστα,
849 2245 867 2310 ὁ
900 2241 974 2309 ἀντὶ
1001 2243 1189 2328 ἀνθρώπου

175 2352 276 2429 λύκος
298 2355 473 2436 γινόμενος
495 2351 516 2435 ἢ
540 2353 607 2436 ἔχις
629 2351 650 2435 ἢ
674 2349 776 2436 σφήξ;
1203 2371 1230 2410 ω

123 2479 173 2528 128
232 2457 312 2543 ’Ἁγε
335 2453 398 2525 οὖν
422 2456 615 2541 ἐπέλθωμεν
633 2457 673 2522 τά
694 2454 940 2541 ὡμολογημένα.
977 2456 995 2523 ό
1019 2454 1190 2534 ἀκώλυτος

175 2567 354 2652 ἀνθρωπος
385 2565 579 2649 ἐλεύθερος,
615 2555 641 2650 ᾧ
675 2565 834 2648 πρόχειρα
865 2563 905 2627 τά
936 2562 1110 2648 πράγματα
1142 2562 1190 2639 ὡς

174 2671 338 2755 βούλεται.
384 2670 424 2736 δν
448 2667 477 2735 δ’
506 2671 596 2734 ἔστιν
622 2667 643 2751 ἦ
667 2673 814 2733 κωλῦσαι
835 2667 856 2752 ἢ
880 2667 1107 2751 ἀναγκάσαιῆ
1132 2668 1189 2752 ἐμ

124 2778 312 2844 ινοποδίσαι
337 2776 359 2860 ἦ
387 2778 509 2842 ἀκοντα
536 2781 584 2851 είς
611 2798 643 2839 τι
666 2773 838 2859 ἐμβαλεῖν,
865 2777 986 2851 δοῦλός
1013 2773 1091 2840 ἐστι.
1137 2778 1189 2851 τίς

176 2880 205 2946 δ’
242 2881 425 2957 ἀκώλυτοςς
464 2881 482 2947 ὁ
515 2881 658 2964 μηδενὸς
689 2891 756 2946 τῶν
788 2880 974 2967 ἀλλοτρίων
1006 2879 1187 2965 ἐφιέμενος.
1201 2898 1227 2938 ω

174 2991 249 3054 τίνα
277 2983 307 3052 δ’
339 2985 511 3071 ἀλλότριος
544 2985 565 3050 ἀ
593 2985 654 3052 ούκ
686 2989 777 3052 ἔστιν
805 2983 856 3071 ἐφ’
887 2986 967 3069 ἡμῖν
995 2984 1064 3052 οὔτ’
1097 2989 1187 3071 ἔχειν
1298 3065 1305 3106 1

249 3186 281 3233 13
292 3197 332 3248 sq.
351 3180 386 3234 cf.
406 3193 479 3246 quae
498 3177 561 3232 adn.
581 3178 618 3231 ad
636 3177 683 3245 IV,
698 3183 723 3245 ὅ,
739 3184 781 3234 10.

247 3257 280 3306 26
291 3267 332 3317 sq.
352 3249 386 3304 ef.
405 3247 492 3302 Ench.
509 3255 532 3314 1,
552 3255 580 3302 2:
600 3247 686 3303 τὰδὲ
705 3250 755 3304 ούκ
776 3243 823 3317 ἀφ’
844 3247 911 3316 ἡμῖν
929 3280 944 3289 -
957 3281 971 3290 -
983 3247 1156 3319 -ἀλλότριοι

247 3386 416 3458 ’λίδροῦντα
434 3388 466 3448 δι
504 3391 513 3458 ΙΙ
553 3386 617 3443 λεί
636 3390 751 3457 fortasse
774 3408 793 3444 ο
815 3407 902 3445 manu
923 3392 1039 3460 antiqua
1062 3391 1126 3446 αδδ.
1155 3392 1188 3444 in

174 3476 260 3530 ικωτμ.
292 3463 302 3525 11
330 3465 363 3512 14
381 3458 445 3528 οὐκ]
465 3455 515 3512 οὖν
534 3457 629 3542 δτλχω.
650 3462 659 3528 ΙΙ
692 3465 725 3512 15
739 3457 791 3531 ἔτι]
811 3458 854 3514 δτι
872 3461 901 3521 8,
940 3465 950 3531 ss
992 3468 1024 3515 16
1043 3457 1189 3524 οὖτοςδιε

176 3529 298 3591 ούτωςδ
326 3531 336 3596 ΙΙ
367 3527 427 3598 μὲν,
445 3527 513 3600 (el)
530 3545 641 3597 εονιμειε
659 3528 727 3601 <εί>
746 3529 797 3599 μὲν
821 3532 882 3600 Πγί.
901 3549 915 3586 e
933 3535 990 3588 cod.
