2650 3930
130 207 171 263 (m
186 210 218 262 ιι,
232 205 309 256 ι-ιε)
416 197 569 249 ammon
587 197 789 254 Δετυεεοα.
813 197 863 270 ιβ’.
1083 193 1147 259 139

130 366 176 446 τῷ
202 358 426 442 κεφαλαιώδει
453 359 490 424 τὸ
519 358 659 446 ὁρικόν’·
687 359 816 446 ῥήματα
843 359 976 445 τεχνικὰ
1004 355 1059 423 καὶ
1088 358 1146 422 διὰ
1166 372 1200 421 10

129 471 228 529 τοῦτο
260 474 330 540 τοῖς
357 463 504 540 ἰδιώταις
535 466 676 550 φορτικὰ
704 463 761 530 καλ
788 465 1145 551 δυσπαρακολούθητα,

130 565 179 634 ών
201 569 296 653 ἡμεῖς
317 568 500 653 ἀποστῆναι
523 567 565 636 ού
588 571 771 654 δυνάμεθα.
817 569 851 649 έξ
877 566 925 636 ὧν
948 568 978 636 δ’
1006 568 1105 647 αὐτὸς
1128 571 1146 637 ὁ
1168 584 1201 632 11

132 678 266 760 ἰδιώτης
289 674 528 740 ἐπακολουθῶν
550 688 621 753 ταῖς
649 677 753 743 αὑτοῦ
776 681 973 762 φαντασίαις
994 697 1148 762 παραχω-

104 790 230 867 ερῖησαι
254 777 382 847 δύναιτ’
408 781 452 845 ἀν
474 803 506 845 τι
528 779 549 864 ἣ
572 779 744 867 ἀθετῆσαι,
767 779 922 865 οὐδαμῶς
940 782 996 846 διὰ
1018 783 1148 847 τούτων

130 881 233 951 αὐτὸν
263 894 396 970 κινῆσαι
430 885 613 969 δυνάμεθα.
663 885 719 952 καλ
750 889 869 953 λοιπὸν
901 889 1036 964 εἰκότως
1069 903 1147 952 συν-
1169 903 1201 950 ιε

131 994 373 1076 αισθανόμενοι
400 992 521 1075 ταύτης
548 992 642 1076 ἡμῶν
669 1002 728 1077 τῆς
749 991 934 1077 ἀδυναμίας
956 987 1148 1079 ἀπεχώμεθα

130 1107 190 1164 τοῦ
221 1098 423 1184 πράγματος,
455 1097 547 1174 ὅσοις
578 1095 608 1181 χ’
647 1097 719 1163 ε’στί
747 1121 780 1163 τι
812 1098 993 1182 εὐλαβείας.
1044 1099 1078 1164 ολ
1108 1094 1146 1164 δέ
1167 1113 1199 1163 13
1231 1185 1234 1192 ,

129 1201 249 1271 πολλοὶ
262 1201 317 1268 καὶ
331 1205 450 1269 είκαῖοι
464 1201 687 1285 σνμκαθέντες
700 1210 748 1281 είς
757 1228 796 1269 Ιτι
814 1213 968 1270 τοιοῦτον
980 1205 1146 1291 φύρονται

93 1308 187 1376 ιοκαδ
213 1311 361 1395 φύρουσι
388 1308 444 1375 καλ
466 1310 507 1374 τά
528 1315 698 1376 τελευταῖα
721 1313 977 1396 λοιδορήσαντες
998 1309 1053 1376 καλ
1076 1316 1147 1378 λοι-

129 1415 332 1503 δορηθέντες
355 1412 562 1501 ἀπέρχονται.

201 1523 247 1586 Τὸ
269 1533 403 1608 πρῶτον
421 1518 460 1586 δὲ
477 1531 575 1587 τοῦτο
593 1520 648 1587 καλ
672 1522 814 1606 μάλιστα
837 1525 927 1588 ῖδιον
944 1521 1146 1609 Σωκράτους
1167 1540 1201 1588 14

129 1627 294 1712 μηδέποτε
315 1626 570 1713 παροξυνθῆναι
598 1627 636 1693 έν
663 1630 769 1716 λόγῳ,
796 1629 958 1712 μηδέποτε
987 1630 1147 1716 λοίδορον

129 1732 419 1821 προσενέγκασθαι
437 1731 553 1817 μηδέν,
572 1731 735 1817 μηδέποθ’
758 1733 964 1819 ὑβριστικόν,
982 1733 1066 1800 ἀλλὰ
1079 1746 1147 1802 τῶν

90 1858 116 1899 1⁶
131 1841 381 1927 λοιδορούντων
398 1836 576 1925 ἀνέχεσθαι
597 1836 652 1904 καί
675 1839 794 1904 παύειν
817 1840 933 1924 μάχην.
979 1841 1010 1904 εί
1030 1838 1146 1906 θέλετε
1167 1857 1200 1907 1ο

131 1958 258 2031 γνῶναι
265 1996 275 2031 ,
296 1948 405 2030 πόσην
429 1943 465 2010 ἐν
487 1945 594 2034 τούτφ
618 1947 764 2029 δύναμιν
786 1941 893 2032 εἶχεν,
915 1943 1086 2030 ἀνάχνώτε
1108 1947 1147 2013 τὸ

131 2054 348 2138 Ξενοφῶντος
370 2054 569 2136 Συμπόσιον
591 2050 645 2117 καὶ
669 2054 794 2130 ὄψεσθε
817 2055 922 2129 πόσας
944 2053 1050 2138 μάχας
1073 2055 1146 2118 δια-

131 2158 258 2226 λέλυκε.
304 2159 359 2224 διδ
382 2168 480 2224 τοῦτο
503 2159 638 2235 εἰκότως
659 2155 715 2223 καὶ
736 2159 825 2244 παρὰ
847 2170 917 2235 τοῖς
938 2171 1089 2243 ποιηταῖς
1108 2159 1145 2225 έν
1166 2177 1200 2226 1ss

130 2269 274 2354 μεχίστφ
299 2262 423 2354 έπαίνφ
447 2261 596 2329 λέλεκται
619 2264 661 2329 τὸ“

86 2396 116 2437 εδ
238 2383 313 2455 αἶψά
331 2404 361 2440 τε
379 2384 429 2439 καλ
446 2382 518 2455 μέγα
536 2389 629 2447 νεῖκος
648 2379 838 2454 ἐπισταμένως
855 2382 1041 2441 κατέπαυσεν.

202 2516 246 2578 Τί
261 2507 339 2592 ούν;
363 2512 404 2578 οὐ
428 2515 503 2577 λίαν
527 2508 596 2576 έστὶ
619 2521 684 2576 νῦν
707 2507 851 2596 ἀσφαλὲς
873 2512 910 2577 τὸ
933 2520 1067 2596 πρᾶγμα
1090 2510 1146 2577 καὶ
1168 2529 1199 2578 11

128 2620 272 2705 μάλιστα
302 2618 340 2685 έν
364 2616 480 2703 Ῥώμη.
529 2620 588 2682 τὸν
620 2618 684 2703 γάρ
713 2626 874 2683 ποιοῦντα
904 2615 985 2684 αὐτὸ
1015 2617 1077 2683 οὐκ
1110 2616 1146 2682 έν

128 2729 237 2814 χιονίμ
255 2726 412 2808 δηλονότι
431 2725 542 2809 δεήσει
559 2735 680 2809 ποιεῖν,
707 2723 792 2789 ἀλλὰ
814 2727 1045 2810 προσελθόντα
1063 2724 1148 2790 ὑπα-

126 2841 209 2920 τικῷ
237 2854 322 2914 τινι,
354 2829 397 2896 ἀν
428 2830 515 2895 ούτω
547 2830 646 2915 τύχη,
682 2827 746 2914 <ἣ>
787 2833 936 2920 πλουσίῳ
973 2829 1147 2896 πυθέσθαι

87 2959 115 3001 τι
130 2937 237 3003 αὐτοῦ
260 2937 360 3022 “ἔχεις
382 2960 440 3020 μοι
462 2938 579 3021 εἰπεῖν,
602 2931 628 3000 ὦ
653 2931 760 3021 οὗτος,
788 2929 814 3026 ᾧ
837 2961 904 3002 τινι
926 2940 1004 3014 τοὺς
1027 2939 1147 3015 ἵππους
1167 2955 1201 3004 18

204 3115 239 3164 14
249 3127 289 3234 aff
310 3109 344 3166 cf.
364 3125 437 3178 quae
456 3109 519 3166 adn.
540 3109 578 3164 ad
597 3116 676 3168 ε.19,

203 3186 239 3238 20
286 3197 324 3236 οε.
343 3180 449 3250 Thoog.
465 3186 507 3236 81.

131 3282 348 3294 -u-——n—

204 3347 276 3396 Ιτῶ
295 3339 380 3412 δρικῶ
399 3339 428 3402 Se
458 3342 468 3410 ss
500 3336 576 3410 δῆμον
593 3340 629 3395 τά
652 3342 684 3398 St
702 3358 804 3398 τοικε
835 3344 845 3412 ss
876 3341 999 3396 λαύτού
1018 3341 1051 3397 S:
1077 3358 1146 3399 corr.

128 3431 144 3470 ε
174 3414 184 3482 ss
217 3409 348 3467 δεδώκατ’
364 3412 397 3467 S:
415 3428 481 3467 corr.
503 3411 534 3474 S»
553 3413 607 3478 (vel
625 3413 666 3480 ἃ)
698 3415 708 3482 11
740 3412 861 3467 δαύτδν
885 3412 1060 3474 &ainos
1088 3415 1098 3483 ss
1129 3418 1146 3468 Β

129 3501 176 3541 τι*
202 3483 349 3567 εὐλαβείας
367 3483 399 3538 S:
417 3482 459 3546 σις’
478 3483 524 3550 S„
544 3482 706 3557 εὐλάβειαι
737 3485 747 3552 ss
779 3488 812 3538 13
831 3482 923 3553 λόχοις
946 3482 1009 3552 Πμῖ.
1028 3501 1041 3539 α
1061 3485 1118 3539 cod.
1137 3482 1148 3554 ΙΙ

131 3562 167 3610 24
185 3551 248 3628 (ἢ)
267 3570 320 3609 ms.
345 3552 427 3620 Wolf
