2650 3930
142 217 144 224 ’
167 198 232 260 216
314 198 497 250 ΑΡΡΙΑΝΟΤ
515 197 589 249 ΤΩΝ
608 198 824 250 ΕῘΠΚΤΗΤΟΤ
842 198 1036 250 ΔΙΑΤΡΙΒΩΝ

113 376 146 423 14
166 356 295 444 ἀπέχεις
323 359 459 423 ἀπαντα
505 360 539 423 τί
563 360 610 423 ἔτι
639 358 799 446 ἀγωνιᾷς,
829 361 874 442 μὴ
902 359 944 424 οὐ
968 357 1077 445 δείξῃς
1098 360 1182 444 ἡμίν

165 468 215 541 τίς
237 459 282 542 εἷς
310 462 421 541 θέλεις
444 482 497 530 σοι
520 471 601 530 είπω
625 468 700 530 τίνα
722 465 803 550 ἡμίν
826 463 966 544 ἐδειξας;
996 466 1182 551 ἄνθρωπον
1312 444 1314 534 ό

164 574 327 656 παριόντα
355 574 528 655 ταπεινόν,
561 574 803 657 μεμψίμοιρον,
833 570 1022 656 ὀξύθυμον,
1055 574 1182 657 δειλόν,

164 678 272 742 πάντα
294 681 523 763 μεμφόμενον,
544 686 648 744 πᾶσιν
671 676 892 763 ἐγκαλοῦντα,
914 677 1077 762 μηδέποτε
1099 678 1182 761 ἡσυ-

113 798 145 848 15
164 787 240 868 χίαν
264 785 404 868 ἀγοντα,
430 783 608 870 πέρπερον·
638 792 741 848 ταῦτα
767 784 847 869 ἡμῖν
875 784 1008 862 ἔδειξας.
1054 786 1181 850 ἄπελθε
1211 809 1224 850 ε
1315 839 1316 890 ρ

164 899 229 956 νῦν
256 889 311 956 καὶ
339 889 567 973 ἀναγίγνωσκε
591 886 806 974 Ἀρχίδημον·
836 885 906 954 εἶτα
932 900 995 974 μῦς
1018 889 1060 955 ἀν
1082 915 1182 957 κατα-

164 995 247 1082 πέσῃ
275 994 331 1062 καὶ
357 998 512 1081 ψοφήσφ,
539 992 711 1072 ἀπέθανες.
758 1003 909 1073 τοιοῦτος
936 996 999 1082 γάρ
1028 1012 1064 1060 σε
1087 995 1181 1080 μένει

163 1102 328 1186 θάνατος,
351 1095 420 1179 οἷος
443 1100 498 1166 καί
520 1103 580 1167 τὸν
612 1138 648 1150 -
680 1105 754 1167 τίνα
776 1096 849 1167 ποτ’
881 1102 1024 1181 ἐκείνον;
1049 1139 1092 1149 -
1119 1107 1181 1170 τὸν

164 1211 296 1291 Κρίνιν.
340 1206 396 1272 καὶ
424 1208 549 1285 ἐκεῖνος
577 1206 661 1292 μέγα
688 1207 823 1293 ἐφρόνει
846 1209 897 1274 ὅτι
920 1207 1007 1274 ἐνόει
1027 1205 1180 1294 Ἀρχίδη-

114 1331 146 1379 16
166 1337 239 1394 μον.
285 1313 400 1400 τάλας,
424 1315 465 1379 οὐ
488 1312 600 1391 θέλεις
623 1313 758 1399 ἀφεῖναι
781 1323 884 1379 ταῦτα
906 1315 947 1379 τὰ
970 1310 1074 1398 μηδὲν
1096 1318 1180 1402 πρὸς
1195 1340 1223 1380 ιο

165 1417 215 1496 τίς
247 1418 364 1506 πρέπει
391 1430 494 1488 ταῦτα
517 1432 587 1498 τοῖς
609 1419 810 1504 δυναμένοις
832 1423 908 1506 δίχα
930 1429 1074 1506 ταραχῆς
1095 1421 1179 1486 αὐτὰ

164 1526 366 1610 μανθάνειν,
395 1518 445 1604 οἷς
469 1525 594 1605 ἔξεστιν
617 1528 723 1592 εἰπεῖν
747 1526 821 1592 ‘ooe’m
843 1526 1026 1611 ὀργίζομαι,
1056 1526 1097 1593 οὐ
1121 1532 1179 1592 λυ-

163 1639 299 1717 ποῦμαι,
324 1632 365 1698 οὐ
383 1639 515 1718 φθονῶ,
539 1632 579 1699 οὐ
598 1633 781 1716 κωλύομαι,
800 1632 863 1698 οὐκ
881 1631 1114 1716 ἀναγκάζομαι.
1147 1636 1182 1697 τί

111 1755 143 1805 17
163 1763 220 1823 μοι
238 1742 371 1818 λοιπόνς
396 1739 556 1825 εὐσχολῶ,
574 1738 716 1824 ἡσυχίαν
735 1739 814 1821 ἀγω.
861 1740 995 1822 ίδωμεν,
1016 1748 1086 1816 πῶς
1103 1737 1178 1823 περὶ

163 1847 220 1922 κάς
242 1847 464 1930 μεταπτώσεις
485 1856 553 1911 τῶν
577 1848 688 1928 λόγων
712 1846 764 1909 δεῑ
786 1842 1069 1929 ἀναστρέφεσθαι·
1100 1846 1179 1910 ίδω-
1193 1868 1221 1909 15

162 1974 240 2034 μεν,
267 1961 337 2027 πῶς
364 1950 528 2015 ὑπόθεσίν
555 1973 605 2026 τις
632 1949 745 2034 λαβὼν
776 1950 823 2025 είς
845 1945 947 2015 οὐδὲν
970 1952 1094 2016 όίτοπον
1117 1950 1178 2016 ἀπ-

112 2073 145 2122 18
164 2054 367 2140 αχθήσεταί.
422 2053 560 2121 ἐκείνων
592 2052 662 2120 ἐστὶ
692 2063 804 2120 ταῦτα.
859 2066 929 2134 τοῦς
960 2051 998 2121 εὖ
1029 2063 1178 2123 παθοῦσι

163 2159 279 2248 πρέπει
302 2170 369 2248 πῦρ
392 2164 512 2244 καίειν,
534 2159 686 2247 ἀριστᾶν,
709 2159 751 2226 ἀν
775 2160 861 2227 οὕτω
884 2162 979 2248 τύχῃ,
1004 2165 1060 2228 καί
1083 2162 1178 2250 ᾄδειν

162 2265 217 2332 καὶ
237 2267 423 2353 ὀρχεῖσθαι·
442 2264 667 2351 βυθιζομένου
686 2263 723 2331 δὲ
741 2275 801 2332 τοῦ
819 2270 940 2332 πλοίου
958 2269 1001 2332 σύ
1019 2292 1076 2352 μοι
1095 2291 1178 2352 παρ-

163 2374 274 2440 ελθὼν
298 2372 443 2459 ἐπαίρεις
464 2376 543 2449 τοὺς
565 2374 735 2459 σιφάρους.
1192 2399 1221 2439 εο

185 2725 227 2809 γ’.
275 2730 339 2804 Τίς
361 2727 432 2810 ὕλη
456 2735 524 2792 τοῦ
548 2724 704 2809 ἀγαθοῦ
730 2723 794 2791 καὶ
818 2728 914 2812 πρὸς
936 2729 976 2791 τί
996 2724 1149 2810 μάλιστ’

570 2828 769 2914 ἀσκητέον.

128 2991 141 3038 1
212 2971 305 3057 ΙὝλα
333 2982 393 3038 τοῦ
421 2978 525 3038 καλοῦ
552 2970 609 3038 καὶ
635 2972 768 3056 ἀγαθοῦ
790 2976 828 3041 τὸ
853 2975 942 3039 ίδιον
964 2973 1175 3058 ἡγεμονικόν,

162 3081 198 3146 τὸ
227 3090 320 3164 σῶμα
348 3077 378 3143 δ’
410 3082 526 3165 ἰατροῦ
555 3077 611 3144 καὶ
639 3079 812 3164 ἀλείπτον,
845 3081 863 3147 ὁ
895 3079 997 3165 ἀγρὸς
1023 3090 1176 3166 γεωργοῦ

234 3271 369 3336 1δείξεις
387 3269 422 3324 S:
440 3287 541 3326 εοεαε
576 3273 587 3340 ss
624 3269 809 3325 τάπέθανεν
828 3270 863 3326 S:
881 3287 949 3327 οονν.
969 3271 999 3330 δε
1035 3273 1044 3340 ΙΙ
1081 3269 1176 3334 soloe

161 3339 323 3410 Menayius:
351 3338 412 3394 οἷον
440 3341 462 3394 S
501 3342 511 3408 ss
557 3347 573 3394 9
601 3360 699 3411 κρινον
723 3342 745 3395 S
769 3343 814 3406 (de
840 3348 954 3397 accentu
979 3357 1037 3397 non
1064 3343 1175 3412 ἀραοῦ).-

161 3425 230 3464 οονι·.
251 3409 279 3470 θ,
314 3413 323 3478 λ
366 3416 397 3464 17
418 3411 566 3465 εόπλοοῦσι
592 3411 690 3466 θοναιε
726 3415 735 3476 λλ
770 3417 806 3464 20
820 3419 885 3480 μοεί
903 3410 1041 3481 αιφάρους
1060 3413 1091 3473 δε
1108 3414 1173 3468 add.

160 3481 239 3534 haec:
258 3476 333 3541 εἶδος
351 3479 468 3534 αόλοῦό
488 3477 617 3549 σίφαρος·
638 3479 741 3536 ἔστιδὲ
760 3481 809 3534 καλ
828 3479 903 3545 εἶδος
916 3481 1067 3554 ἀμφορέως
1097 3485 1107 3552 ss
1139 3489 1175 3536 24

161 3550 335 3604 ἀπαλείπτου
354 3550 377 3606 S
393 3554 431 3618 (ει
449 3567 483 3604 σω
501 3569 518 3618 η
537 3567 572 3604 m.
587 3557 660 3620 pr.):
678 3568 746 3607 corr.
766 3552 806 3606 ed.
826 3553 893 3608 Βαε.
