2636 3930
167 162 233 240 250
308 178 491 232 ΑΡΡΙΑαου
508 177 582 230 mn
600 177 815 236 Επαινετου
833 175 1026 228 ωενειεωω

65 421 67 426 Ι
168 337 253 402 ούτω
277 327 447 420 λέγοντος,
474 337 519 413 ὡς
541 336 718 422 Εὐφράτης
741 333 842 419 λέγει,
872 333 992 421 (καίτοι
1014 337 1063 411 τίς
1087 335 1174 400 οὕτω

168 442 307 507 δύναται
329 444 435 506 είπεϊν
458 442 503 519 ὡς
525 441 678 524 ἐκεῖνος;)
701 441 862 506 θέλουσιν
883 437 939 504 καὶ
962 439 1057 507 αὐτοὶ
1079 446 1175 526 φιλο·
1285 511 1286 524 χ

132 561 148 608 9
166 557 292 633 σοφεῖν.
338 548 507 633 ἄνθρωπε,
530 545 648 625 σκέψαι
669 558 801 631 πρῶτον
823 549 859 610 τί
879 547 947 611 ἐστι
969 547 1006 611 τὸ
1028 554 1175 632 πρᾶγμα,

166 647 237 718 είτα
259 650 314 717 καὶ
335 653 396 736 τῆν
419 661 543 718 σαυτοῦ
565 653 683 737 φύσιν,
712 655 747 716 τί
767 653 908 717 δύνασαι
931 652 1099 736 βαστάσαι.
1145 653 1177 716 ει’

166 760 361 843 παλαιστῆς,
394 759 470 823 ίδού
497 775 558 824 σου
585 761 663 834 τοὺς
691 759 815 841 ὡμονς,
841 760 919 833 τοὺς
946 757 1084 842 μηρούς,
1112 758 1175 840 τὴν
1203 781 1216 821 5
1287 838 1288 864 χ

115 877 148 926 10
168 851 284 948 ὀσφύν.
330 865 429 940 ἀλλος
450 864 514 948 γὰρ
536 866 619 949 πρὸς
641 865 722 929 ἀλλο
744 887 776 928 τι
798 861 953 948 πέφυκεν.
993 863 1101 939 δοκεῖς
1124 862 1176 928 ότι
1287 901 1288 946 3

167 979 268 1035 ταῦτα
289 981 396 1036 ποιῶν
419 971 558 1035 δύνασαι
583 973 795 1054 φιλοσοφεῑν;
829 970 937 1046 δοκεῖς
959 969 1009 1034 ὅτι
1033 970 1176 1034 δύνασαι

1288 1149 1289 1160 λ

1286 1171 1289 1182 ι

166 1075 321 1162 ὡσαύτως
343 1075 487 1159 ἐσθίειν,
510 1075 664 1152 ὡσαύτως
685 1078 807 1160 πίνειν,
830 1075 952 1159 ὁμοίως
973 1074 1175 1162 ὀργίζεσθαι,
1262 1131 1273 1166 χ

87 1175 90 1184 ’
115 1192 146 1240 11
167 1180 287 1265 ὁμοίως
306 1182 536 1266 θυσαρεστεῖνς
560 1178 767 1266 ἀγρυπνῆσαι
786 1182 848 1265 δεῖ,
870 1190 1025 1265 πονῆσαι,
1044 1184 1180 1264 νικῆσαί

166 1309 257 1361 τινας
280 1284 467 1370 ἐπιθυμίας,
490 1284 648 1351 ἀπελθεῖν
671 1284 734 1352 ἀπὸ
758 1297 824 1351 τῶν
848 1289 989 1370 οίκείων,
1012 1287 1077 1352 ὑπὸ
1100 1307 1175 1352 παι·
1190 1311 1217 1350 ιο

167 1390 285 1474 όαρίου
312 1397 622 1477 καταφρονηθῆναι,
648 1392 713 1457 ὑπὸ
741 1403 808 1482 τῶν
836 1391 1056 1457 ἀπαντώντων
1079 1415 1177 1465 κατα,-

166 1500 381 1582 γελασθῆναι,
404 1496 441 1562 ἐν
463 1495 561 1562 παντὶ
580 1500 720 1563 ἔλασσον
739 1500 837 1582 ἔχειν,
860 1497 897 1562 ἐν
915 1497 1010 1584 ἀρχῆ,
1033 1496 1069 1563 ἐν
1086 1506 1176 1582 τιμῆ,

116 1613 149 1660 12
168 1600 205 1666 ἐν
232 1603 317 1687 δίκη.
360 1611 463 1668 ταῦτα
489 1604 785 1689 περισκεψάμενος,
812 1610 846 1669 εί
865 1621 918 1669 σοι
942 1605 1048 1687 δοκεῖ,
1074 1620 1177 1689 προσ·
1290 1639 1291 1656 1

168 1706 276 1793 ἐρχου,
298 1711 330 1773 εί
350 1707 461 1785 θέλεις
484 1707 822 1786 ἀντικαταλλάξασθαι
844 1710 970 1775 τούτων
1000 1709 1177 1786 ἀπάθειαν,

168 1813 373 1900 ἐλευθερίαν,
396 1813 582 1900 ἀταραξίαν.
628 1816 660 1878 εί
681 1809 718 1878 δὲ
741 1817 797 1899 μή,
819 1815 863 1899 μῆ
886 1817 1042 1900 πρόσαγε,
1064 1816 1108 1900 μῆ
1132 1817 1177 1891 ὡς
1192 1838 1218 1878 ιε

168 1919 208 1984 τά
238 1921 353 1984 παιδία
383 1930 448 1986 νῦν
475 1916 537 2004 μὲν
564 1922 762 2003 φιλόσοφος,
793 1920 932 2006 ὕστερον
959 1917 997 1986 δὲ
1022 1922 1178 2006 τελώνης,
1292 1948 1293 2004 η

118 2034 150 2082 13
170 2019 239 2088 εἶτα
263 2024 382 2109 ῥητωρ,
405 2020 474 2090 εἶτα
497 2023 670 2110 ἐπίτροπος
692 2027 867 2111 Καίσαρος.
907 2027 1073 2092 ταῦταού
1096 2044 1178 2111 συμ-

241 2184 257 2231 3
275 2187 385 2249 πρῶτον
405 2175 555 2249 ἐπίσκεψαι
573 2176 672 2234 ὁποῖόν
691 2175 748 2235 ἐστι
774 2212 807 2221 -
826 2186 844 2233 4
861 2180 947 2249 φύσιν
965 2181 1128 2251 κατάμαθε,
1153 2180 1181 2236 εί

170 2249 292 2304 δύνασαι
306 2248 449 2322 βαστάσαι.
462 2246 622 2312 πένταθλος
635 2248 709 2305 εἶναι
723 2251 816 2323 βούλει
829 2249 847 2318 ἢ
858 2251 1022 2318 παλαιστῆς
1038 2254 1081 2306 ἴδε
1096 2269 1179 2307 σεαν-
1249 2289 1251 2298 ι

169 2328 219 2377 τοῦ
237 2320 302 2382 τούς
321 2318 479 2393 βραχίονας,
497 2322 561 2382 τοὺς
579 2322 691 2391 μηρούς,
709 2321 761 2390 τὴν
775 2322 865 2391 ὀσφὺν
879 2321 1037 2392 κατάμαθε.
1062 2354 1095 2363 -
1121 2328 1178 2378 6τι

171 2409 221 2447 om.
240 2423 273 2431 -
294 2397 317 2460 7,
336 2397 353 2444 8
372 2391 499 2454 ὡσαύτως
513 2392 634 2446 δύνασαι
652 2423 685 2432 -
710 2397 725 2444 9
740 2394 856 2461 νικῆσαί
866 2412 944 2455 τινας
959 2387 1113 2463 ἐπιθυμίας
1126 2411 1177 2449 om.

171 2493 204 2503 -
229 2466 262 2516 10
280 2462 338 2516 ἀπὸ
356 2471 410 2517 τῶν
429 2461 540 2517 οἰκείων
558 2463 696 2517 ἀπελθεῖν
719 2494 753 2502 -
777 2468 810 2515 12
834 2458 865 2517 ἐν
886 2463 972 2518 παντὶ
990 2459 1177 2534 ἡττονέχειν,

174 2528 206 2588 ἐν
218 2541 292 2604 τιμῆ,
312 2529 342 2587 ἐν
356 2534 436 2604 ἀρχῆ,
451 2529 482 2588 ἐν
497 2530 571 2604 δίκη,
590 2528 620 2588 ἐν
635 2535 799 2607 πραγματίφ
813 2535 905 2588 παντί.
924 2543 1013 2588 ταῦτα
1027 2529 1179 2604 ἐπίσκεψαι

171 2603 198 2660 εί
209 2603 303 2666 θέλεις
317 2607 421 2673 (ceteris
434 2605 549 2673 οαιὼείε)

243 2680 328 2743 6sqq.
343 2674 378 2730 cf.
392 2674 478 2730 Ench.
496 2680 543 2729 22:
562 2672 601 2728 Εί
613 2675 779 2743 φιλοσοφίας
794 2668 949 2743 ἐπιθυμεῖς,
963 2675 1178 2745 παρασκευάζου

172 2743 295 2801 αύτόθεν
305 2747 342 2809 ὡς
351 2742 663 2815 καταγελασθησόμενος
671 2745 707 2807 ὡς
715 2743 994 2814 καταμωκησαμένων
1002 2763 1052 2800 σον
1060 2750 1179 2801 πολλῶν.

243 2869 314 2930 Ιὼς
332 2864 363 2923 εὖ
382 2867 533 2937 Σωκράτης
551 2868 639 2924 Ειιοίι.
671 2871 681 2934 ΙΙ
711 2864 804 2922 καίτοι
820 2867 920 2936 Mb„
937 2884 964 2923 8:
983 2868 1086 2924 *mal
1105 2869 1178 2924 ὅσα.

171 2956 223 2995 rec.
241 2941 274 2993 ι’τι
290 2956 355 3006 νας,
373 2940 413 2994 ed.
432 2940 496 2994 Ven.
511 2941 591 3007 prior
609 2939 697 2993 Εααλα
720 2941 729 3010 ΙΙ
751 2943 768 2991 4
787 2937 815 2994 εί
830 2937 983 3005 παλαιστής
997 2938 1066 3007 Sol
1079 2941 1111 2994 ι’τι
1123 2957 1178 2995 ras.

172 3029 191 3064 a
208 3027 242 3064 νι.
261 3011 364 3078 νεο.),ε
394 3011 403 3076 ΙΙ
435 3008 551 3072 θάλλος
569 3009 619 3064 Se
637 3010 710 3064 Νιλ..·
728 3009 795 3064 άλλο
813 3009 902 3064 Εηολι.
929 3013 939 3077 n
966 3008 1088 3063 7ταύτά
1107 3010 1179 3065 Sm.

145 3111 148 3116 ·
172 3097 223 3136 κιο.
250 3082 260 3150 ΙΙ
281 3079 403 3133 δύνασαι
421 3082 601 3148 φιλοσοφεῑν;
624 3081 716 3143 δοκεῖς
734 3079 776 3135 ὅτι
799 3097 849 3135 om.
868 3081 956 3135 Ειιοίι.
978 3081 988 3149 ll
1011 3085 1028 3132 8
1051 3080 1180 3143 ὡσαύτως

173 3153 224 3220 (vel
242 3150 351 3219 ὁμοίως)
366 3149 527 3218 ὀργίζεσθαι
540 3150 640 3217 Νάνας
658 3150 758 3220 ὁμοίως
777 3149 927 3220 ὀρέγεσθαι
940 3150 1029 3205 Εκιὼ.
1043 3151 1101 3206 cod.
1114 3168 1180 3218 wn.;

172 3223 205 3276 ι’νι
222 3227 269 3275 cet.
287 3235 337 3274 om.
369 3221 379 3288 ΙΙ
411 3219 620 3289 θνικῆσαιτὼς
633 3221 713 3276 Είλεκ
744 3223 753 3290 ΙΙ
785 3226 816 3273 11
832 3221 1032 3292 ἀπαντώντων]
1047 3220 1180 3276 ἁπάντων

173 3292 233 3346 Νιλ.
252 3297 278 3344 ιλ
295 3290 351 3344 cod.
370 3306 418 3343 αν.
436 3289 541 3356 Ενιλ.;
558 3291 590 3344 ιἰι
607 3297 654 3345 cet.
672 3293 753 3345 verba
766 3291 821 3344 ὑπὸ
835 3299 890 3343 τῶν
904 3291 952 3344 άπ.
968 3295 1095 3360 ταταγελ,
1110 3309 1160 3346 om.
1171 3292 1182 3364 ῆ

174 3366 208 3414 14
226 3358 372 3413 ἀπάθειαν
391 3358 414 3413 S
430 3361 488 3426 (sed
505 3358 525 3413 ά
541 3361 574 3413 ι’κι
590 3377 645 3415 ras,
659 3378 678 3414 a
694 3377 729 3414 m.
742 3377 803 3426 κιο,
820 3360 877 3426 fuit
889 3362 1004 3428 fortasse
1017 3361 1180 3431 ἀπείθειαν,

172 3437 205 3484 αλ
217 3430 293 3484 codd.
303 3445 386 3483 κοκη.
397 3428 498 3496 Εκολι.)
513 3431 523 3498 ΙΙ
537 3434 570 3482 15
584 3428 743 3500 προσάγαγε
751 3429 838 3484 Ενολ.
851 3432 938 3497 (codd.
948 3447 1032 3486 κοννι.
1037 3453 1048 3499 ,·
1057 3431 1181 3503 πρόσαγε

173 3501 215 3554 vel
231 3494 349 3567 πρόσεχε
367 3503 426 3567 cet.)
441 3501 451 3568 ΙΙ
465 3505 498 3551 16
517 3498 568 3568 μὲν
586 3517 636 3555 om.
655 3499 744 3555 Εααίι.
