2636 3930
188 207 252 271 252
333 207 517 260 APPIANOT
536 205 611 258 ΤΩΝ
628 207 845 260 ΕΠΙΚΤΗΤΟΤ
863 206 1058 260 ΔΙΑΤΡΙΒΩΝ

150 384 166 432 4
186 373 306 434 λαῦσαι
329 377 385 452 τῆς
408 366 560 452 ἀσβόλης.
605 369 640 432 τί
660 366 723 453 γὰρ
747 367 906 451 ποιήσεις,
936 366 980 432 δν
1002 364 1077 454 περὶ
1101 391 1205 451 μονο-

186 473 300 560 μόχων
322 479 417 558 λαλῇ,
439 472 483 538 δν
505 470 582 559 περί
605 473 727 556 ἵππων,
750 471 793 537 δν
810 470 887 558 περὶ
905 471 1074 558 ἀθλητῶν,
1097 472 1140 538 διν
1163 474 1203 539 τὸ

186 582 233 645 ἔτι
255 581 383 645 τούτων
405 589 519 666 χεῖρον
540 577 615 664 περὶ
639 577 844 665 ἀνθρώπων·
866 578 899 646 56
923 580 1017 644 δεῖνα
1039 582 1155 663 κακός,
1184 579 1203 646 ὁ

186 688 280 752 δεῖνα
303 685 442 769 ἀγαθός·
466 696 564 753 τοῦτο
582 690 690 762 καλῶς
713 681 854 770 ἐγένετο,
876 693 976 751 τοῦτο
995 686 1129 763 κακῶς’·
1154 688 1204 751 ἔτι

151 792 229 859 οδιν
256 795 404 880 σκώπτῃ,
433 792 476 858 δν
503 792 671 876 γελοιάζρ,
704 789 747 856 δν
773 793 1025 875 κακοηθίζηταις
1058 793 1124 878 ἔχει
1152 813 1241 869 τιςε

186 899 280 983 ὑμῶν
303 898 515 985 παρασκευὴν
538 899 614 963 οἵαν
637 897 655 963 δ
678 899 907 983 κιθαριστικὸς
928 899 990 982 τὴν
1013 899 1120 984 λύραν
1143 903 1203 982 λα-

186 1008 272 1090 βών,
302 999 379 1070 ὥστ’
409 1003 515 1080 εὐθὺς
542 1001 710 1086 ἁψόμενος
736 1013 804 1067 τῶν
831 1004 963 1089 χορδῶν
990 1013 1117 1086 γνῶναι
1144 1004 1203 1080 τὰς

187 1111 409 1196 ἀσυμφώνους
435 1107 490 1175 καί
518 1107 730 1194 ἁρμόσασθαι
758 1109 796 1173 τὸ
824 1109 984 1194 όργανον;
1013 1111 1090 1175 οἵαν
1113 1105 1203 1194 εἶχεν

187 1219 331 1300 δύναμιν
354 1216 544 1300 Σωκράτης,
574 1212 650 1280 ὥστ’
679 1214 716 1280 ἐν
738 1214 826 1302 πόσχ
850 1223 1083 1304 συμπεριφορᾷ
1105 1215 1201 1297 όγειν

151 1343 167 1390 6
187 1320 240 1388 ἐπὶ
262 1325 300 1388 τὸ
319 1322 424 1388 αὑτοῦ
441 1325 519 1400 τοὺς
537 1324 714 1400 συνόντας;
739 1324 847 1387 πόθεν
866 1321 962 1406 ῦμῑνς
981 1318 1054 1386 ἀλλ’
1072 1319 1200 1404 ἀνάγκη
1217 1343 1241 1382 ιο

185 1430 251 1495 ὑπὸ
274 1440 341 1494 τῶν
364 1427 547 1492 ἰδιωτῶν*
530 1436 616 1512 υμᾶς
637 1427 865 1514 περιαγεσθαι.

151 1555 167 1603 τ
253 1535 321 1599 Διδι
348 1535 384 1598 τί
403 1527 466 1599 οὖν
490 1531 610 1598 ἐκεῖνοι
632 1533 728 1636 ὑμῶν
751 1534 973 1618 ἰσχυρότεροι,
1005 1531 1056 1596 ότι
1079 1530 1202 1599 ε’κεϊνοι

186 1638 248 1726 μὲν
273 1642 314 1706 τὰ
342 1641 450 1725 σαπρδι
477 1649 579 1705 ταῦτα
602 1617 666 1704 ἆπδ
695 1639 871 1723 δογμάτων
897 1642 1075 1723 λαλοῦσιν,
1105 1639 1202 1722 ὑμεῖς

186 1744 286 1813 δδτδι
308 1747 420 1832 κομψὰ
443 1744 507 1812 ἀπὸ
534 1756 602 1810 τῶν
628 1750 761 1830 χειλῶν·
790 1745 846 1809 διδ
872 1753 972 1810 τοῦτο
1000 1743 1102 1811 ότονό
1131 1743 1200 1809 ἐστι

185 1853 240 1921 καί
269 1855 385 1941 νεκρά,
418 1850 473 1918 καί
506 1861 658 1938 σικχᾶναι
690 1853 780 1917 ἔστιν
807 1849 973 1917 ἀκούοντα
999 1851 1095 1936 ὑμῶν
1123 1855 1202 1929 τοὺς
1216 1871 1239 1912 15

185 1962 442 2047 προτρεπτικοῦς
465 1955 520 2022 καί
542 1958 604 2040 τὴν
627 1955 748 2041 ἀρετὴν
766 1958 828 2041 τὴν
845 1960 1067 2045 ταλαίπωρον,
1089 1957 1110 2042 ἢ
1130 1959 1200 2023 ἅνω

150 2065 274 2134 εκότω
311 2069 494 2151 θρυλεῖται.
554 2062 660 2139 οὕτως
696 2063 782 2147 ῦμῦς
818 2063 853 2129 οἰ
887 2065 1016 2128 ἰδιῶται
1052 2075 1201 2130 νικῶσιν.

186 2180 355 2256 πανταχοῦ
373 2169 441 2255 Ιγδιρ
466 2170 604 2254 ἰσχυρὸν
626 2170 663 2235 τὸ
687 2170 811 2253 δόγμα,
841 2167 999 2252 ἀνίκητον
1020 2171 1059 2235 τὸ
1083 2171 1200 2255 δόγμα.
1300 2195 1301 2252 ι

150 2298 167 2346 9
187 2273 299 2363 μέχρις
321 2275 364 2342 δν
386 2269 449 2342 οὖν
470 2285 621 2358 παγῶσιν
645 2273 682 2340 ἐν
704 2275 785 2359 ὑμῖν
808 2274 846 2338 αἰ
870 2271 994 2359 κομψαὶ
1017 2274 1201 2361 ὑπολήψεις
1300 2315 1301 2318 =

186 2381 241 2449 καί
265 2384 409 2467 δύναμίν
427 2406 502 2447 τινα
519 2384 782 2466 περιποιήσησθε
800 2383 883 2467 πρὸς
901 2379 1097 2466 ἀσφάλειαν,
1117 2399 1199 2467 συμ-
1214 2405 1239 2443 ιο

186 2491 336 2575 βουλεύω
364 2490 446 2574 ὑμῖν
468 2488 616 2572 εὐλαβῶς
643 2499 714 2565 ’τοῖς
738 2488 885 2565 ἰδιώταις
908 2491 1199 2572 συγκαταβαίνειν·

186 2599 218 2661 εἰ
240 2592 277 2661 δὲ
300 2599 357 2680 μή,
379 2591 457 2661 καθ’
484 2593 611 2680 ἡμέραν
629 2595 675 2671 ὡς
692 2595 792 2679 κηρὸς
811 2593 849 2660 ἐν
866 2593 949 2683 ἡλίῳ
969 2595 1199 2678 διατακήσεται

135 2722 168 2771 10
186 2701 281 2786 ὑμῶν
308 2708 343 2767 εἰ
364 2726 440 2767 τινα
467 2699 504 2767 ἐν
532 2709 570 2786 τῇ
597 2705 700 2786 σχολῇ
731 2699 920 2788 ἐγγράφετε.
974 2701 1104 2786 μακρὰν
1137 2695 1199 2766 οὖν

260 2900 345 2962 lsqq
368 2893 403 2947 cf.
422 2892 510 2948 Eneh
528 2899 571 2960 33,
587 2898 615 2946 2:
639 2889 719 2957 λε’ξον
742 2893 793 2962 μὲν
816 2891 887 2947 ἀλλὰ
911 2891 977 2962 περὶ
989 2881 1117 2953 οὐδενὸς
1142 2899 1199 2945 τῶν

187 2963 337 3034 τυχόντων,
361 2963 398 3054 μὴ
417 2963 482 3034 περὶ
500 2971 697 3053 μονομαχιῶν,
714 2962 751 3032 μὴ
770 2963 835 3054 περὶ
854 2961 1058 3052 ἰπποδρομιῶν,
1077 2961 1114 3032 μὴ
1134 2962 1200 3051 περὶ

187 3036 333 3104 ἀθλητῶν,
357 3033 394 3124 μὴ
418 3033 483 3104 περὶ
506 3032 601 3106 βρω
584 3053 659 3089 ατων
681 3030 699 3100 ἰ]
722 3034 856 3160 πομάτων
879 3043 935 3089 τῶν
954 3029 1121 3122 ἑκασταχοῦ·
1146 3032 1200 3102 μοὶ-

68 3155 71 3162 .
187 3110 264 3160 λιστα
284 3104 315 3160 δὲ
334 3103 371 3176 μὴ
389 3104 455 3175 περὶ
473 3104 550 3174 ἀνθρ
574 3123 644 3170 πων,
663 3100 828 3174 ψέίγωνῆ
829 3102 1029 3173 παινῶνῆσν
1013 3105 1162 3175 ν.κρίνων

261 3183 293 3231 10
302 3193 342 3244 sq
362 3175 396 3230 cf.
417 3175 503 3230 Ench.
519 3182 606 3244 33,:ss
633 3145 792 3232 ἰντετόσθω
811 3176 890 3246 σοιὴ
873 3125 1112 3246 ἡπροσοχιζή
1073 3174 1112 3246 μή
1129 3193 1198 3230 ποτε

187 3247 243 3318 ἄρα
261 3249 404 3317 ὑπορρυῇς
422 3245 462 3309 εἰς
481 3219 649 3316 ἰδιωτισμόν.

258 3421 443 3490 2λαλῆνε8ε
463 3439 563 3484 ceras.
595 3425 605 3491 ΙΙ
636 3420 810 3483 4καλδς8ε
833 3438 903 3476 οων.
921 3439 934 3478 ε
974 3426 984 3493 ΙΙ
1021 3424 1200 3492 bombum*

187 3494 222 3549 8.·
241 3509 340 3555 ςιναε.
373 3496 382 3561 ΙΙ
414 3493 616 3561 κακοηθίζεται
641 3492 676 3546 8.·
694 3510 723 3561 η,
743 3507 812 3547 corr.
832 3509 851 3546 a
869 3491 899 3552 8ο
930 3496 939 3563 ΙΙ
976 3499 1145 3569 9ουμφορᾳ
1166 3496 1200 3550 8.·

187 3580 255 3620 οων.
280 3563 361 3630 Wolf
387 3566 396 3634 ΙΙ
429 3567 462 3616 10
482 3562 621 3617 αόιο68.·
640 3578 708 3617 corr.
727 3578 741 3616 ε
