2608 3928
68 232 262 288 (1v,13‚5-19)
356 223 510 276 ΒΙΒΛΙΟΝ
528 223 725 276 ΤΕΤΑΡΤΟΝ.
746 222 795 290 ιγ’.
1021 223 1086 288 399

66 388 132 451 τὸν
155 393 280 450 σαυτοῦ
304 379 411 468 οἴνου,
438 385 494 448 ἵνα
517 383 608 466 βάλω
632 385 680 460 εἰς
702 385 761 450 τὸν
784 383 865 469 ἐμὸν
887 387 1005 468 πίθον,
1026 379 1083 450 εἶτ’

65 489 266 575 ἠγανάκτεις
303 490 352 555 ὅτι
389 490 433 574 μη
466 488 556 573 κάγὼ
590 486 644 554 σοὶ
675 491 819 555 πιστεύω
851 493 911 556 τὸν
944 489 1089 576 ἐμαυτοῦ

65 591 180 662 οἶνον·
213 598 255 660 σὺ
288 597 351 680 γάρ
383 593 630 682 τετρυπημένον
658 597 742 681 ἔχεις
771 597 830 661 τὸν
857 599 970 662 πάθον.
1021 608 1090 674 πῶς
1110 615 1142 663 13

65 697 135 768 οὖν
154 704 202 766 ἐτι
222 707 297 767 ίσον
316 704 456 785 γίνεται,
482 705 524 767 σῦ
543 709 647 790 πιστῷ
667 700 913 788 παρακατέθου,
936 706 978 768 σὺ
998 703 1090 786 αἰδη-

35 831 163 893 εμονι,
188 809 246 885 τάς
270 805 390 874 ἑαυτοῦ
414 807 582 893 ἐνεργείας
604 811 722 892 μόνας.
730 809 894 894 βλαβεράς
916 807 1090 898 ἡγουμένῳ

65 913 126 981 καὶ
155 915 359 998 ὠφελίμους,
385 925 453 980 τῶν
482 911 512 978 θ’
540 913 632 991 ἐκτὸς
660 913 773 980 οὐδέν·
803 913 868 998 ἐγὼ
897 913 951 980 σοὶ
978 911 1089 993 θέλεις
1109 932 1140 980 14

65 1026 367 1106 παρακαταθῶμαι,
391 1019 560 1109 ἀνθρώπῳ
583 1021 645 1103 την
669 1018 788 1087 ἑαυτοῦ
807 1023 1002 1107 προαίρεσιν
1021 1021 1089 1104 ητι-

66 1128 201 1210 μακύτι,
230 1124 367 1191 θέλοντι
391 1122 428 1190 δὲ
450 1129 628 1212 κερματίου
652 1137 764 1211 τυχεῖν
786 1126 806 1211 ἢ
831 1126 932 1211 ἀρχῆς
954 1149 1045 1204 τινος
1067 1126 1087 1211 ἢ

66 1239 270 1318 προαγωγῆς
303 1231 340 1298 ἐν
371 1242 410 1318 τῇ
444 1233 546 1318 αὐλῇ,
578 1231 641 1298 κάν
674 1231 794 1319 μέλλης
825 1233 865 1296 τά
897 1230 995 1298 τέκνα
1027 1249 1089 1298 σου

23 1363 51 1402 1ο
65 1337 303 1422 κατασφάξειν,
321 1339 366 1415 ὡς
383 1338 403 1422 ἡ
420 1340 571 1422 Μηθειας
589 1347 655 1404 ποῦ
673 1347 770 1404 τοῦτο
786 1344 860 1404 ίσον
880 1337 984 1418 ἐστίυ;
1005 1338 1088 1405 άλλά
1109 1355 1142 1403 15

69 1443 184 1523 δεῖξόν
208 1467 264 1527 μοι
288 1447 411 1510 σαυτὸν
434 1448 569 1529 πιστόν,
592 1445 773 1528 αῖδήμονα,
796 1443 943 1529 βέβαιον,
968 1444 1088 1529 δεῖξον,

69 1552 123 1617 ὅτι
149 1553 295 1635 δόγματα
318 1553 402 1637 ἔχεις
424 1552 555 1636 φιλικά,
583 1550 694 1629 δεῖξόν
722 1567 784 1616 σου
812 1553 849 1616 τὸ
878 1550 1014 1635 άγγεῖον
1038 1552 1089 1616 ὅτι

69 1659 113 1724 ού
137 1655 288 1743 τέτρηται
311 1654 365 1722 καὶ
394 1659 486 1740 ύψει,
512 1667 581 1734 πῶς
608 1656 669 1722 οὐκ
697 1654 850 1739 ἀναμένω
879 1657 935 1721 ἵνα
962 1680 1019 1741 μοι
1047 1658 1088 1722 σὺ

68 1764 250 1849 πιστεύσῃς
272 1764 311 1829 τά
335 1773 471 1848 σαυτοῦ,
495 1760 567 1828 ἀλλ’
594 1762 692 1839 αὐτὸς
716 1761 827 1828 ἐλθὼν
851 1759 887 1827 τέ
910 1768 1088 1849 παρακαλῶ

28 1892 55 1932 15
70 1869 214 1935 ἀκοῦσαι
236 1880 304 1934 τῶν
332 1867 429 1953 ἐμῶν.
474 1871 524 1946 τίς
551 1869 614 1954 γάρ
639 1868 680 1944 οὐ
703 1865 797 1933 θέλει
820 1870 1009 1954 χρήσασθαι
1033 1866 1089 1951 άγ-
1110 1887 1142 1935 16

71 1979 153 2064 γείφ
176 1979 277 2062 καλῷ,
300 1977 349 2051 τίς
367 1973 514 2058 ἀτιμάζει
533 1975 726 2058 σύμβουλον
745 1975 869 2040 εὔνουν
887 1971 942 2040 καὶ
960 1976 1089 2057 πιστόν,

70 2085 122 2158 τίς
147 2079 208 2146 οὐκ
231 2082 372 2164 άσμενος
396 2077 522 2158 θεᾜεται
540 2082 599 2145 τὸν
618 2081 728 2166 ὥσπερ
747 2083 888 2166 φορτίου
906 2083 1090 2165 μεταληύύ·

70 2211 177 2273 μενον
203 2197 271 2253 τῶν
299 2185 403 2251 αὐτοῦ
431 2186 655 2272 περιστάσεων
682 2184 737 2250 καὶ
767 2186 856 2274 αὐτῷ
883 2185 989 2274 τούτῳ
1013 2209 1090 2251 κου-

70 2301 218 2378 φιοῦυτα
241 2293 343 2358 αὐτὸν
366 2300 411 2379 τῶ
435 2294 646 2376 μεταλαβεῖν;

30 2421 55 2460 20
140 2402 223 2464 Ναί·
248 2395 319 2464 ἀλλ’
343 2396 406 2480 ἐγὼ
432 2396 485 2462 σοὶ
508 2397 663 2480 πιστεύω,
689 2400 731 2463 σὺ
756 2395 828 2482 ἐμοὶ
853 2396 894 2463 ού
916 2398 1089 2474 πιστεύεις.
1109 2415 1140 2464 17

70 2542 113 2552 -
135 2509 279 2591 Πρῶτον
298 2500 359 2588 μὲν
378 2500 457 2568 οὐδὲ
480 2505 522 2568 σὺ
546 2501 619 2587 ἐμοὶ
640 2504 814 2586 πιστεύεις,
839 2501 922 2568 άλλά
941 2503 1090 2587 φλύαρος

71 2607 186 2676 εἶκαὶ
214 2609 269 2674 διά
293 2617 391 2675 τοῦτο
419 2606 521 2675 οὐδὲν
550 2609 692 2673 δύνασαι
715 2618 899 2693 κατασχεῖν.
946 2606 1020 2673 ε’πεί
1039 2630 1089 2674 τοι

71 2718 103 2781 εί
124 2719 224 2782 τοῦτό
248 2713 348 2799 ἐστιν,
372 2711 445 2799 ἐμοὶ
469 2717 560 2803 μύυφ
584 2715 667 2780 αὐτά
689 2717 881 2780 πίστευσον·
904 2723 969 2780 νῦν
992 2708 1022 2778 θ’
1049 2713 1090 2780 ὃν
1110 2732 1142 2782 18

72 2820 115 2887 άν
141 2821 363 2906 εύσχολοῦντα
388 2821 472 2906 ῖδης,
494 2823 725 2907 παρακαθίσας
748 2820 837 2908 αὐτῷ
859 2818 965 2905 λέγεις
984 2820 1090 2886 ‘dm-

32 2946 59 2986 ιε
73 2926 128 3011 φέ,
152 2925 275 2994 οὐθένα
293 2943 355 2993 σου
374 2928 437 3011 έχω
457 2925 678 3013 εὐνούστερον
697 2923 776 2992 οὐδὲ
795 2930 964 3013 φίλτερον,
986 2949 1090 3013 παρα-

73 3038 164 3099 καλῶ
188 3049 224 3098 σε
248 3032 386 3098 άκοῦσαι
408 3032 448 3097 τά
472 3031 565 3117 ἐμά’·
596 3030 651 3098 καὶ
679 3043 776 3098 τοῦτο
804 3035 886 3119 πρὸς
908 3034 986 3110 τοὺς
1010 3031 1092 3099 οὐδέ

74 3162 106 3203 τι
139 3140 254 3223 ὀλίγον
284 3136 514 3224 ἐγνωσμένους
547 3150 662 3216 ποιεῖς.
714 3141 745 3204 εἰ
776 3135 813 3203 δέ
842 3137 897 3204 καὶ
926 3139 1090 3217 πιστεύεις
1110 3157 1142 3205 19

75 3243 165 3329 ἐμοί,
193 3247 297 3330 δῆλον
325 3246 376 3311 ὅτι
404 3246 448 3322 άις
470 3253 574 3334 πιστῷ
597 3244 651 3310 καὶ
675 3246 849 3330 αίθημονι,
878 3244 938 3331 οὐχ
962 3245 1013 3310 ὅτι
1036 3243 1090 3310 σοὶ

76 3351 115 3413 τά
140 3349 282 3435 ἐμαυτοῦ
306 3351 444 3431 ἐξεῖπον.
490 3353 571 3437 άφες
595 3347 669 3437 οὖν,
694 3353 750 3418 ἵνα
772 3350 862 3435 κάγὼ
885 3350 986 3417 ταύτά
1008 3350 1090 3416 ὑπο-

75 3457 290 3469 *—

149 3514 182 3564 13
201 3509 272 3580 ύηιηι
290 3509 323 3565 S:
341 3526 410 3566 τοτε.
430 3509 461 3570 θ’,
501 3511 510 3579 ΙΙ
553 3516 585 3565 17
605 3506 720 3578 δέξηται
738 3508 771 3564 S:
790 3525 858 3565 corr.
879 3508 911 3570 S»
944 3509 954 3576 ss
990 3513 1024 3562 25
1045 3508 1090 3562 εύ-

76 3595 266 3650 νουστικκρου
284 3581 318 3638 S:
336 3597 404 3637 οοιτ.
420 3579 450 3640 θ.
466 3581 520 3648 (vel
538 3579 582 3650 Sa)
615 3584 624 3650 η
656 3585 689 3636 29
709 3580 853 3653 ῦπολαβῶι
871 3579 904 3636 S:
922 3595 991 3635 corr.
1007 3577 1039 3638 S»
