2636 3922
159 159 202 222 98
304 159 488 211 ΑΡΡΙΑΝΟΤ
506 159 581 212 ΤΩΝ
599 158 817 210 ΕΠΙΚΊἩΤΟΤ
835 159 1028 212 ΔΙΑΤΡΙΒΩΝ

158 337 244 397 στως
265 326 437 403 καθῆσθαι
459 317 515 384 καὶ
537 318 673 385 ἀκούειν
695 328 759 385 νῦν
778 315 839 404 μὲν
857 321 1032 409 τραγῳδοῦ
1050 330 1115 386 νῦν
1134 317 1173 386 δὲ

158 427 365 515 κιθαρῳδοῦ,
387 426 449 512 οὐχ
472 426 516 503 ώς
535 425 655 492 ἐκεῖνοι
673 435 838 493 ποιοῦσιν.
884 427 951 510 άμα
969 422 1030 510 μὶν
1054 424 1172 511 ἐπέστη

158 530 213 598 καὶ
245 531 403 619 ἐπῄνεσεν
435 534 494 597 τὸν
525 535 714 621 τραγῳδόν,
749 534 817 617 άμα
854 529 891 598 δὲ
921 531 1172 619 περιεβλέψατο·

159 634 229 704 εἶτα
252 640 295 703 ἀν
317 662 367 716 τις
389 637 573 724 φθέγξηται
595 640 725 725 κύριον,
754 638 859 715 εὐθὺς
882 642 1094 724 σεσόβηνται,
1117 662 1173 705 τα-

105 763 140 813 60
159 744 349 831 ράσσονται.
395 745 533 830 αἰσχρόν
556 743 647 810 έστιν
670 743 758 810 οὕτω
787 742 843 812 καὶ
866 746 944 821 τοὺς
966 747 1174 830 φιλοσόφους
1202 766 1216 806 5

158 857 302 936 θεωρεῖν
334 851 373 916 τά
405 852 486 937 ἔργα
517 859 575 933 τῆς
605 851 745 935 φύσεως.
791 855 827 916 τί
852 851 915 938 γάρ
944 850 1013 916 ἐστι
1042 851 1171 938 κύριοςι

158 957 339 1042 ἀνθρωπος
360 955 546 1042 ἀνθρώπου
567 958 683 1042 κύριος
706 956 768 1023 οὐκ
791 959 893 1041 ἔστιν,
921 956 1004 1022 ἀλλά
1026 957 1173 1034 θάνατος

105 1082 137 1133 61
158 1060 213 1128 καὶ
246 1064 310 1146 ζωὴ
341 1060 397 1129 καλ
428 1063 533 1146 ἡδονὴ
563 1060 619 1129 καὶ
650 1067 760 1140 πόνος.
810 1061 881 1129 ἐπεὶ
912 1060 1013 1149 χωρὶς
1043 1064 1174 1129 τούτων

158 1167 264 1252 ἀγαγέ
283 1190 340 1252 μοι
362 1169 422 1233 τὸν
445 1170 598 1254 Καίσαρα
625 1167 680 1234 καὶ
711 1170 786 1247 ὄψει
806 1181 876 1248 πῶς
898 1169 1058 1234 εὐσταθώ.
1092 1167 1173 1234 ὅταν

159 1269 196 1338 δὲ
218 1273 299 1356 μετά
320 1273 449 1338 τούτων
472 1275 556 1358 ἔλθη
575 1278 726 1360 βροντῶν
744 1273 800 1340 καὶ
821 1274 1027 1361 ἀστράπτων,
1050 1273 1115 1358 έγὼ
1135 1271 1173 1340 δὲ
1189 1297 1215 1336 ιο

158 1388 260 1444 ταῦτα
283 1382 449 1464 φοβῶμαι,
472 1383 507 1444 τί
527 1380 608 1446 ἀλλο
631 1379 652 1461 ἣ
676 1377 846 1464 έπέγνωκα
868 1383 927 1446 τὸν
945 1381 1063 1467 κύριον
1085 1381 1173 1458 ώςδ

104 1504 139 1552 ευ
159 1482 334 1570 δραπέτηςι
366 1482 460 1570 μέχρι
493 1481 523 1550 δ’
556 1483 598 1550 ἀν
628 1480 669 1550 οὗ
696 1508 771 1550 τινα
799 1484 924 1571 ἀνοχὴν
951 1483 1019 1551 ἀπδ
1043 1489 1174 1554 τούτων

159 1593 234 1676 ἔχω,
256 1591 302 1668 ὡς
323 1588 487 1675 δραπέτης
508 1589 681 1674 ἐφίσταται
703 1590 835 1678 θεάτρῳ
859 1591 946 1657 οὕτω
967 1591 1070 1676 κάγώ’
1094 1595 1174 1660 λού-

158 1720 248 1782 ομαι,
270 1701 369 1781 πίνω,
393 1695 476 1785 ᾅδω,
503 1697 611 1762 πάντα
633 1692 672 1761 δὲ
694 1696 775 1779 μετά
798 1698 907 1781 φόβου
930 1695 986 1763 καὶ
1008 1702 1174 1764 ταλαιπω-

97 1822 139 1872 ,63
159 1807 239 1888 ρίας.
286 1802 345 1869 έάν
373 1800 403 1869 δ’
432 1802 575 1887 ἐμαυτὸν
598 1800 755 1868 ἀπολύσω
779 1812 846 1867 τῶν
869 1804 1051 1888 δεσποτῶν,
1078 1803 1169 1870 τοῦτ’
1188 1826 1214 1866 15
1309 1841 1314 1862 ι

159 1912 248 1976 έστιν
272 1909 422 1992 ἐκείνων,
451 1905 495 1974 δι’
523 1907 544 1972 ἀ
568 1908 603 1975 oc
629 1909 786 1974 δεσπόται
808 1905 873 1972 stoa
895 1912 1046 1994 φοβεροί,
1072 1921 1174 1977 ποίου

159 2017 207 2080 ἔτι
229 2022 364 2100 πρᾶγμα
387 2015 462 2098 ἔγω,
484 2023 583 2079 ποῖον
606 2016 654 2080 ἔτι
676 2015 809 2099 κύριονι

105 2139 141 2188 64
230 2122 273 2185 Τί
293 2113 371 2197 οὖν;
394 2120 574 2204 κηρύσσειν
593 2121 648 2184 δεῖ
662 2130 765 2186 ταῦτα
787 2122 870 2203 πρὸς
887 2120 1026 2200 πάνταςς
1049 2157 1086 2170 -
1111 2124 1173 2206 Οὔ,

117 2305 120 2312 ¹
158 2225 242 2292 ἀλλά
264 2237 334 2303 τοῖς
357 2226 503 2302 ἰδιώταις
525 2223 831 2312 συμπεριφέρεσθαι
853 2223 909 2290 καὶ
931 2225 1040 2310 λέγειν
1064 2224 1174 2306 ὀὗτος
1273 2220 1285 2234 ’

158 2331 177 2398 δ
200 2332 289 2419 αὐτῷ
312 2330 571 2415 ἀγαθὸνιοίεται
594 2340 693 2398 τοῦτο
710 2329 810 2415 κάμοὶ
834 2333 1068 2416 συμβουλεύει·
1092 2350 1173 2418 συγ·
1187 2357 1214 2398 ιο

105 2456 139 2506 ου
159 2440 332 2524 γιγνώσκω
351 2438 461 2527 αὐτῷ]
497 2436 554 2503 καὶ
576 2439 639 2524 γὰρ
659 2437 839 2523 Σωκράτης
860 2440 1103 2522 συνεγίγνωσκε
1126 2449 1172 2528 τῷ

159 2544 212 2611 ἐπὶ
230 2555 287 2629 τῆς
306 2550 468 2629 φυλακῆς,
490 2544 638 2628 κλύοντι,
659 2545 714 2610 ὅτε
737 2546 872 2628 ἔμελλεν
894 2547 1005 2610 πίνειν
1027 2547 1065 2610 τὸ
1088 2546 1173 2631 φάρ-

158 2674 281 2736 μακον,
316 2649 371 2716 καὶ
404 2648 492 2734 λέγει
529 2650 593 2728 ‘dag
624 2653 818 2733 γενναίως
852 2650 950 2736 ἡμᾶς
978 2649 1173 2717 ἀποδεδά-

104 2775 139 2825 66
158 2756 298 2842 κρυκε.’
345 2757 440 2841 μήτι
459 2751 521 2822 οὖν
540 2754 656 2846 έκείνφ
678 2754 765 2839 λέγει
788 2757 839 2821 ὅτι
862 2755 943 2822 (διὰ
966 2765 1083 2823 τοῦτο
1105 2759 1173 2834 τάς
1310 2841 1311 2850 ¹

158 2873 347 2946 γυναῖκας
369 2859 650 2947 ἀπελύσαμεν’;
681 2861 765 2928 ἀλλά
792 2873 861 2939 τοϊς
883 2867 1074 2949 γνωρίμοις,
1102 2875 1214 2940 τοῑςεε
1310 2915 1311 2933 ι

159 2966 358 3052 δυναμένοις
384 2967 467 3033 αύτά
494 2967 650 3052 ἀκοῦσαι,
683 2966 797 3058 έκείνφ
824 2964 862 3033 δέ
893 2967 1172 3056 συμπεριφέρεται

159 3075 204 3152 ώς
225 3074 357 3162 παιδίφ.

230 3235 265 3283 λδ
276 3246 317 3296 sq.
331 3229 404 3285 Plat.
422 3228 536 3284 Phaedo
550 3247 578 3299 p.
595 3235 644 3285 116
656 3230 686 3284 d:
706 3231 754 3284 καλ
773 3231 810 3294 ὡς
827 3239 880 3285 νῦν
898 3232 1034 3300 γενναίως
1052 3250 1085 3300 με
1100 3231 1173 3286 ἀπο·

159 3299 284 3368 δακρύει.
305 3331 337 3340 -
358 3304 443 3366 24sq.
462 3298 500 3353 ib.
518 3305 566 3356 117
578 3300 609 3355 δι
633 3302 682 3370 οὐχ
706 3299 806 3370 ἥκιστα
828 3301 927 3356 τούτου
952 3300 1036 3356 ἕνεκα
1054 3301 1104 3364 τὰς
1122 3322 1172 3372 γυ-

159 3377 261 3432 ναῖκας
278 3367 442 3438 ἀπέπεμψα.

158 3471 372 3565 '‘{ffl
385 3525 482 3566 coms
501 3511 512 3578 ι
533 3511 634 3581 ιιψιι
649 3511 681 3566 S:
696 3510 805 3582 ιιειε,
836 3515 845 3581 ιι
872 3512 1003 3585 ικιι>·
1019 3512 1089 3568 ιιιι
1108 3515 1172 3583 μιν.
