<?xml version="1.0" encoding="UTF-8"?>
<!DOCTYPE html PUBLIC "-//W3C//DTD XHTML 1.0 Transitional//EN"
    "http://www.w3.org/TR/xhtml1/DTD/xhtml1-transitional.dtd">
<html xmlns="http://www.w3.org/1999/xhtml" xml:lang="en" lang="en">
 <head>
  <title>
</title>
<meta http-equiv="Content-Type" content="text/html;charset=utf-8" />
  <meta name='ocr-system' content='tesseract 3.04.00' />
  <meta name='ocr-capabilities' content='ocr_page ocr_carea ocr_par ocr_line ocrx_word'/>
</head>
<body>
  <div class='ocr_page' id='page_1' title='image "./dissertationesa00epicgoog/dissertationesa00epicgoog_0176.png"; bbox 0 0 2636 3922; ppageno 0'>
   <div class='ocr_carea' id='block_1_1' title="bbox 136 194 1152 262">
    <p class='ocr_par' dir='ltr' id='par_1_1' title="bbox 136 194 1152 262">
     <span class='ocr_line' id='line_1_1' title="bbox 136 194 1152 262; baseline 0.007 -18"><span class='ocrx_word' id='word_1_1' title='bbox 136 209 178 262; x_wconf 83' lang='lat'>(11,</span> <span class='ocrx_word' id='word_1_2' title='bbox 194 213 212 261; x_wconf 88' lang='lat'><strong><em>1,</em></strong></span> <span class='ocrx_word' id='word_1_3' title='bbox 227 205 303 256; x_wconf 76' lang='grc'>1-11)</span> <span class='ocrx_word' id='word_1_4' title='bbox 459 195 612 249; x_wconf 80' lang='grc' dir='ltr'>ΒΙΒΔῙΟΝ</span> <span class='ocrx_word' id='word_1_5' title='bbox 629 196 831 249; x_wconf 78' lang='grc' dir='ltr'><strong>ΔΕΤΤΕΡΟΝ.</strong></span> <span class='ocrx_word' id='word_1_6' title='bbox 856 194 897 251; x_wconf 80' lang='grc' dir='ltr'><strong><em>α’.</em></strong></span> <span class='ocrx_word' id='word_1_7' title='bbox 1088 195 1152 259; x_wconf 85' lang='grc'><strong><em>103</em></strong></span> 
     </span>
    </p>
   </div>
   <div class='ocr_carea' id='block_1_2' title="bbox 92 347 1207 2138">
    <p class='ocr_par' dir='ltr' id='par_1_2' title="bbox 108 347 1207 1294">
     <span class='ocr_line' id='line_1_2' title="bbox 136 347 1154 444; baseline 0.003 -23"><span class='ocrx_word' id='word_1_8' title='bbox 136 358 158 442; x_wconf 74' lang='grc' dir='ltr'><strong>ἦ</strong></span> <span class='ocrx_word' id='word_1_9' title='bbox 186 355 410 442; x_wconf 87' lang='grc' dir='ltr'><strong><em>άναίσχυντόν</em></strong></span> <span class='ocrx_word' id='word_1_10' title='bbox 437 380 469 422; x_wconf 91' lang='grc' dir='ltr'><strong><em>τι</em></strong></span> <span class='ocrx_word' id='word_1_11' title='bbox 496 353 632 442; x_wconf 80' lang='grc' dir='ltr'><strong><em>ποιῆσαι</em></strong></span> <span class='ocrx_word' id='word_1_12' title='bbox 659 355 680 440; x_wconf 74' lang='grc' dir='ltr'><strong>ἦ</strong></span> <span class='ocrx_word' id='word_1_13' title='bbox 708 354 778 440; x_wconf 88' lang='grc' dir='ltr'><strong><em>μετ’</em></strong></span> <span class='ocrx_word' id='word_1_14' title='bbox 809 355 988 442; x_wconf 74' lang='grc' dir='ltr'><strong><em>ἐπιθυμίας</em></strong></span> <span class='ocrx_word' id='word_1_15' title='bbox 1014 347 1154 444; x_wconf 79' lang='grc' dir='ltr'><strong><em>αἰσχράς</em></strong></span> 
     </span>
     <span class='ocr_line' id='line_1_3' title="bbox 137 459 1153 549; baseline 0 -19"><span class='ocrx_word' id='word_1_16' title='bbox 137 464 325 549; x_wconf 77' lang='grc' dir='ltr'><strong><em>ὀρεχθῆναί</em></strong></span> <span class='ocrx_word' id='word_1_17' title='bbox 348 486 439 540; x_wconf 90' lang='grc' dir='ltr'><strong><em>τινος</em></strong></span> <span class='ocrx_word' id='word_1_18' title='bbox 470 459 570 529; x_wconf 74' lang='grc' dir='ltr'><strong><em>οὐδὲν</em></strong></span> <span class='ocrx_word' id='word_1_19' title='bbox 601 459 752 548; x_wconf 77' lang='grc' dir='ltr'><em>διαφέρει</em></span> <span class='ocrx_word' id='word_1_20' title='bbox 778 463 875 548; x_wconf 76' lang='grc' dir='ltr'><strong><em>ἡμῖν,</em></strong></span> <span class='ocrx_word' id='word_1_21' title='bbox 907 463 950 528; x_wconf 80' lang='grc' dir='ltr'><strong><em>άν</em></strong></span> <span class='ocrx_word' id='word_1_22' title='bbox 977 467 1082 549; x_wconf 93' lang='grc' dir='ltr'><strong><em>μόνον</em></strong></span> <span class='ocrx_word' id='word_1_23' title='bbox 1115 463 1153 530; x_wconf 81' lang='grc' dir='ltr'><strong><em>ἐν</em></strong></span> 
     </span>
     <span class='ocr_line' id='line_1_4' title="bbox 135 566 1151 656; baseline 0.003 -22"><span class='ocrx_word' id='word_1_24' title='bbox 135 581 207 647; x_wconf 82' lang='grc' dir='ltr'><strong><em>τοῖς</em></strong></span> <span class='ocrx_word' id='word_1_25' title='bbox 238 568 469 656; x_wconf 79' lang='grc' dir='ltr'><strong><em>ἀπροαιρέτοις</em></strong></span> <span class='ocrx_word' id='word_1_26' title='bbox 500 569 718 654; x_wconf 80' lang='grc' dir='ltr'><strong><em>εὐστοχῶμεν.</em></strong></span> <span class='ocrx_word' id='word_1_27' title='bbox 773 569 859 635; x_wconf 82' lang='grc' dir='ltr'><strong><em>ὅπου</em></strong></span> <span class='ocrx_word' id='word_1_28' title='bbox 890 566 927 635; x_wconf 70' lang='grc' dir='ltr'><strong><em>δὲ</em></strong></span> <span class='ocrx_word' id='word_1_29' title='bbox 953 571 1101 649; x_wconf 84' lang='grc' dir='ltr'><strong><em>θάνατος</em></strong></span> <span class='ocrx_word' id='word_1_30' title='bbox 1131 570 1151 655; x_wconf 80' lang='grc' dir='ltr'><strong><em>ἢ</em></strong></span> 
     </span>
     <span class='ocr_line' id='line_1_5' title="bbox 136 674 1151 761; baseline 0.003 -21"><span class='ocrx_word' id='word_1_31' title='bbox 136 676 229 761; x_wconf 76' lang='grc' dir='ltr'><strong><em>φυγὴ</em></strong></span> <span class='ocrx_word' id='word_1_32' title='bbox 253 675 274 759; x_wconf 76' lang='grc' dir='ltr'><em>ἢ</em></span> <span class='ocrx_word' id='word_1_33' title='bbox 294 678 397 754; x_wconf 80' lang='grc' dir='ltr'><strong><em>πόνος</em></strong></span> <span class='ocrx_word' id='word_1_34' title='bbox 415 675 435 760; x_wconf 76' lang='grc' dir='ltr'><strong><em>ἣ</em></strong></span> <span class='ocrx_word' id='word_1_35' title='bbox 454 675 581 759; x_wconf 77' lang='grc' dir='ltr'><em>ἀδοξία,</em></span> <span class='ocrx_word' id='word_1_36' title='bbox 605 675 674 741; x_wconf 80' lang='grc' dir='ltr'><strong><em>ἐκεῖ</em></strong></span> <span class='ocrx_word' id='word_1_37' title='bbox 689 677 726 741; x_wconf 91' lang='grc' dir='ltr'><strong><em>τὸ</em></strong></span> <span class='ocrx_word' id='word_1_38' title='bbox 746 674 1006 761; x_wconf 84' lang='grc' dir='ltr'><strong><em>ἀναχαρητικόν,</em></strong></span> <span class='ocrx_word' id='word_1_39' title='bbox 1029 675 1098 742; x_wconf 77' lang='grc' dir='ltr'><strong><em>ἐκεῖ</em></strong></span> <span class='ocrx_word' id='word_1_40' title='bbox 1113 680 1151 744; x_wconf 87' lang='grc' dir='ltr'><strong><em>τὸ</em></strong></span> 
     </span>
     <span class='ocr_line' id='line_1_6' title="bbox 108 780 1205 869; baseline 0.007 -26"><span class='ocrx_word' id='word_1_41' title='bbox 108 780 374 866; x_wconf 79' lang='grc' dir='ltr'><strong><em>εσεσοβημένον.</em></strong></span> <span class='ocrx_word' id='word_1_42' title='bbox 425 791 605 868; x_wconf 77' lang='grc' dir='ltr'><strong><em>τοιγαροῦν</em></strong></span> <span class='ocrx_word' id='word_1_43' title='bbox 639 782 750 866; x_wconf 79' lang='grc' dir='ltr'><strong><em>ὥσπερ</em></strong></span> <span class='ocrx_word' id='word_1_44' title='bbox 779 783 866 859; x_wconf 74' lang='grc' dir='ltr'><strong><em>εἰκὸς</em></strong></span> <span class='ocrx_word' id='word_1_45' title='bbox 897 784 975 858; x_wconf 86' lang='grc' dir='ltr'><strong><em>τοὺς</em></strong></span> <span class='ocrx_word' id='word_1_46' title='bbox 1005 782 1081 869; x_wconf 81' lang='grc' dir='ltr'><strong><em>περὶ</em></strong></span> <span class='ocrx_word' id='word_1_47' title='bbox 1112 784 1152 849; x_wconf 81' lang='grc' dir='ltr'><strong><em>τά</em></strong></span> <span class='ocrx_word' id='word_1_48' title='bbox 1173 802 1205 851; x_wconf 94' lang='grc'><strong><em>11</em></strong></span> 
     </span>
     <span class='ocr_line' id='line_1_7' title="bbox 136 884 1152 975; baseline 0.002 -22"><span class='ocrx_word' id='word_1_49' title='bbox 136 887 275 972; x_wconf 80' lang='grc' dir='ltr'><strong><em>μέγιστα</em></strong></span> <span class='ocrx_word' id='word_1_50' title='bbox 290 889 573 974; x_wconf 77' lang='grc' dir='ltr'><strong><em>διαμαρτάνοντας</em></strong></span> <span class='ocrx_word' id='word_1_51' title='bbox 585 890 623 954; x_wconf 88' lang='grc' dir='ltr'><strong><em>τὸ</em></strong></span> <span class='ocrx_word' id='word_1_52' title='bbox 638 884 699 971; x_wconf 72' lang='grc' dir='ltr'><strong><em>μὲν</em></strong></span> <span class='ocrx_word' id='word_1_53' title='bbox 712 888 812 972; x_wconf 82' lang='grc' dir='ltr'><strong><em>φύσει</em></strong></span> <span class='ocrx_word' id='word_1_54' title='bbox 830 886 1021 973; x_wconf 73' lang='grc' dir='ltr'><strong><em>θαρραλέον</em></strong></span> <span class='ocrx_word' id='word_1_55' title='bbox 1039 893 1152 975; x_wconf 84' lang='grc' dir='ltr'><strong><em>θρασὺ</em></strong></span> 
     </span>
     <span class='ocr_line' id='line_1_8' title="bbox 135 992 1153 1080; baseline 0.001 -20"><span class='ocrx_word' id='word_1_56' title='bbox 135 995 431 1078; x_wconf 78' lang='grc' dir='ltr'><strong><em>κατασκευάζομεν,</em></strong></span> <span class='ocrx_word' id='word_1_57' title='bbox 454 992 735 1078; x_wconf 81' lang='grc' dir='ltr'><strong><em>άπονενοημένον,</em></strong></span> <span class='ocrx_word' id='word_1_58' title='bbox 763 996 891 1077; x_wconf 78' lang='grc' dir='ltr'><strong><em>ἰταμόν,</em></strong></span> <span class='ocrx_word' id='word_1_59' title='bbox 918 993 1153 1080; x_wconf 82' lang='grc' dir='ltr'><strong><em>ἀναίσχυντον,</em></strong></span> 
     </span>
     <span class='ocr_line' id='line_1_9' title="bbox 136 1097 1153 1185; baseline 0.001 -20"><span class='ocrx_word' id='word_1_60' title='bbox 136 1102 174 1167; x_wconf 89' lang='grc' dir='ltr'><strong><em>τὸ</em></strong></span> <span class='ocrx_word' id='word_1_61' title='bbox 193 1098 225 1165; x_wconf 77' lang='grc' dir='ltr'><strong><em>δ’</em></strong></span> <span class='ocrx_word' id='word_1_62' title='bbox 247 1097 386 1185; x_wconf 73' lang='grc' dir='ltr'><strong><em>εὐλαβὲς</em></strong></span> <span class='ocrx_word' id='word_1_63' title='bbox 408 1101 508 1185; x_wconf 83' lang='grc' dir='ltr'><strong><em>φύσει</em></strong></span> <span class='ocrx_word' id='word_1_64' title='bbox 529 1098 585 1166; x_wconf 84' lang='grc' dir='ltr'><strong><em>καὶ</em></strong></span> <span class='ocrx_word' id='word_1_65' title='bbox 608 1101 752 1184; x_wconf 77' lang='grc' dir='ltr'><strong><em>αίθῆμον</em></strong></span> <span class='ocrx_word' id='word_1_66' title='bbox 776 1100 889 1166; x_wconf 77' lang='grc' dir='ltr'><strong><em>δειλὸν</em></strong></span> <span class='ocrx_word' id='word_1_67' title='bbox 906 1097 963 1164; x_wconf 82' lang='grc' dir='ltr'><strong><em>καὶ</em></strong></span> <span class='ocrx_word' id='word_1_68' title='bbox 984 1104 1153 1185; x_wconf 85' lang='grc' dir='ltr'><strong><em>ταπεινόν,</em></strong></span> 
     </span>
     <span class='ocr_line' id='line_1_10' title="bbox 136 1204 1207 1294; baseline 0.001 -21"><span class='ocrx_word' id='word_1_69' title='bbox 136 1210 255 1292; x_wconf 83' lang='grc' dir='ltr'><strong><em>φόβαν</em></strong></span> <span class='ocrx_word' id='word_1_70' title='bbox 277 1204 333 1272; x_wconf 83' lang='grc' dir='ltr'><strong><em>καὶ</em></strong></span> <span class='ocrx_word' id='word_1_71' title='bbox 359 1216 510 1292; x_wconf 80' lang='grc' dir='ltr'><strong><em>ταραχῶν</em></strong></span> <span class='ocrx_word' id='word_1_72' title='bbox 533 1209 662 1294; x_wconf 71' lang='grc' dir='ltr'><strong><em>μεστόν.</em></strong></span> <span class='ocrx_word' id='word_1_73' title='bbox 708 1205 751 1272; x_wconf 83' lang='grc' dir='ltr'><strong><em>άν</em></strong></span> <span class='ocrx_word' id='word_1_74' title='bbox 773 1206 836 1293; x_wconf 78' lang='grc' dir='ltr'><strong><em>γάρ</em></strong></span> <span class='ocrx_word' id='word_1_75' title='bbox 863 1229 913 1283; x_wconf 85' lang='grc' dir='ltr'><strong><em>τις</em></strong></span> <span class='ocrx_word' id='word_1_76' title='bbox 935 1204 1003 1271; x_wconf 78' lang='grc' dir='ltr'><strong><em>ἐκεῖ</em></strong></span> <span class='ocrx_word' id='word_1_77' title='bbox 1024 1214 1151 1294; x_wconf 77' lang='grc' dir='ltr'><strong><em>μεταθῇ</em></strong></span> <span class='ocrx_word' id='word_1_78' title='bbox 1173 1227 1207 1274; x_wconf 78' lang='lat'><strong><em>12</em></strong></span> 
     </span>
    </p>

    <p class='ocr_par' dir='ltr' id='par_1_3' title="bbox 94 1310 1154 1822">
     <span class='ocr_line' id='line_1_11' title="bbox 94 1310 1153 1399; baseline 0.008 -28"><span class='ocrx_word' id='word_1_79' title='bbox 94 1331 122 1371; x_wconf 78' lang='grc' dir='ltr'><strong><em>ιο</em></strong></span> <span class='ocrx_word' id='word_1_80' title='bbox 137 1315 174 1378; x_wconf 90' lang='grc' dir='ltr'><strong><em>τὸ</em></strong></span> <span class='ocrx_word' id='word_1_81' title='bbox 207 1311 361 1397; x_wconf 82' lang='grc' dir='ltr'><strong><em>εὐλαβές,</em></strong></span> <span class='ocrx_word' id='word_1_82' title='bbox 393 1312 477 1378; x_wconf 83' lang='grc' dir='ltr'><strong><em>ὅπου</em></strong></span> <span class='ocrx_word' id='word_1_83' title='bbox 511 1315 702 1398; x_wconf 87' lang='grc' dir='ltr'><strong><em>προαίρεσις</em></strong></span> <span class='ocrx_word' id='word_1_84' title='bbox 728 1310 784 1378; x_wconf 85' lang='grc' dir='ltr'><strong><em>καὶ</em></strong></span> <span class='ocrx_word' id='word_1_85' title='bbox 811 1314 892 1398; x_wconf 82' lang='grc' dir='ltr'><strong><em>ἔργα</em></strong></span> <span class='ocrx_word' id='word_1_86' title='bbox 918 1312 1153 1399; x_wconf 82' lang='grc' dir='ltr'><strong><em>προαιρέσεως,</em></strong></span> 
     </span>
     <span class='ocr_line' id='line_1_12' title="bbox 122 1416 1154 1506; baseline 0.001 -22"><span class='ocrx_word' id='word_1_87' title='bbox 122 1419 243 1495; x_wconf 77' lang='grc' dir='ltr'><strong><em>εὐθὺς</em></strong></span> <span class='ocrx_word' id='word_1_88' title='bbox 265 1419 332 1502; x_wconf 72' lang='grc' dir='ltr'><strong><em>ἅμα</em></strong></span> <span class='ocrx_word' id='word_1_89' title='bbox 355 1427 401 1506; x_wconf 75' lang='grc' dir='ltr'><strong><em>τῷ</em></strong></span> <span class='ocrx_word' id='word_1_90' title='bbox 422 1417 538 1485; x_wconf 78' lang='grc' dir='ltr'><strong><em>θέλειν</em></strong></span> <span class='ocrx_word' id='word_1_91' title='bbox 566 1419 783 1502; x_wconf 76' lang='grc' dir='ltr'><strong><em>εὐλαβεῖσθαι</em></strong></span> <span class='ocrx_word' id='word_1_92' title='bbox 810 1417 865 1484; x_wconf 82' lang='grc' dir='ltr'><strong><em>καὶ</em></strong></span> <span class='ocrx_word' id='word_1_93' title='bbox 893 1416 944 1484; x_wconf 84' lang='grc' dir='ltr'><strong><em>ἐπ’</em></strong></span> <span class='ocrx_word' id='word_1_94' title='bbox 970 1418 1058 1506; x_wconf 76' lang='grc' dir='ltr'><strong><em>αὐτῷ</em></strong></span> <span class='ocrx_word' id='word_1_95' title='bbox 1086 1443 1154 1485; x_wconf 88' lang='grc' dir='ltr'><strong><em>κει-</em></strong></span> 
     </span>
     <span class='ocr_line' id='line_1_13' title="bbox 136 1523 1154 1610; baseline 0 -20"><span class='ocrx_word' id='word_1_96' title='bbox 136 1524 243 1610; x_wconf 81' lang='grc' dir='ltr'><strong><em>μένην</em></strong></span> <span class='ocrx_word' id='word_1_97' title='bbox 266 1523 331 1602; x_wconf 77' lang='grc' dir='ltr'><strong><em>ἔξει</em></strong></span> <span class='ocrx_word' id='word_1_98' title='bbox 352 1526 415 1608; x_wconf 81' lang='grc' dir='ltr'><strong><em>τὴν</em></strong></span> <span class='ocrx_word' id='word_1_99' title='bbox 437 1527 597 1591; x_wconf 80' lang='grc' dir='ltr'><strong><em>ἔκκλισιν·</em></strong></span> <span class='ocrx_word' id='word_1_100' title='bbox 626 1523 669 1589; x_wconf 84' lang='grc' dir='ltr'><strong><em>άν</em></strong></span> <span class='ocrx_word' id='word_1_101' title='bbox 692 1523 723 1589; x_wconf 76' lang='grc' dir='ltr'><strong><em>θ’</em></strong></span> <span class='ocrx_word' id='word_1_102' title='bbox 750 1524 836 1589; x_wconf 80' lang='grc' dir='ltr'><strong><em>ὅπου</em></strong></span> <span class='ocrx_word' id='word_1_103' title='bbox 862 1525 902 1589; x_wconf 86' lang='grc' dir='ltr'><strong><em>τά</em></strong></span> <span class='ocrx_word' id='word_1_104' title='bbox 925 1526 970 1608; x_wconf 82' lang='grc' dir='ltr'><strong><em>μὴ</em></strong></span> <span class='ocrx_word' id='word_1_105' title='bbox 994 1523 1045 1609; x_wconf 84' lang='grc' dir='ltr'><strong><em>ἐφ’</em></strong></span> <span class='ocrx_word' id='word_1_106' title='bbox 1072 1525 1154 1610; x_wconf 76' lang='grc' dir='ltr'><strong><em>ἡμῖν</em></strong></span> 
     </span>
     <span class='ocr_line' id='line_1_14' title="bbox 137 1627 1153 1716; baseline 0.002 -20"><span class='ocrx_word' id='word_1_107' title='bbox 137 1631 207 1696; x_wconf 77' lang='grc' dir='ltr'><strong><em>ἐστι</em></strong></span> <span class='ocrx_word' id='word_1_108' title='bbox 234 1628 290 1695; x_wconf 80' lang='grc' dir='ltr'><strong><em>καὶ</em></strong></span> <span class='ocrx_word' id='word_1_109' title='bbox 317 1629 534 1716; x_wconf 85' lang='grc' dir='ltr'><strong><em>άπροαίρετα,</em></strong></span> <span class='ocrx_word' id='word_1_110' title='bbox 563 1631 647 1714; x_wconf 90' lang='grc' dir='ltr'><strong><em>πρὸς</em></strong></span> <span class='ocrx_word' id='word_1_111' title='bbox 677 1630 717 1694; x_wconf 81' lang='grc' dir='ltr'><strong><em>τὰ</em></strong></span> <span class='ocrx_word' id='word_1_112' title='bbox 753 1627 802 1694; x_wconf 82' lang='grc' dir='ltr'><strong><em>ἐπ’</em></strong></span> <span class='ocrx_word' id='word_1_113' title='bbox 833 1631 947 1707; x_wconf 79' lang='grc' dir='ltr'><strong><em>ἄλλοις</em></strong></span> <span class='ocrx_word' id='word_1_114' title='bbox 979 1632 1060 1696; x_wconf 87' lang='grc' dir='ltr'><strong><em>όντα</em></strong></span> <span class='ocrx_word' id='word_1_115' title='bbox 1090 1632 1153 1715; x_wconf 84' lang='grc' dir='ltr'><strong><em>τὴν</em></strong></span> 
     </span>
     <span class='ocr_line' id='line_1_15' title="bbox 137 1734 1154 1822; baseline 0.002 -22"><span class='ocrx_word' id='word_1_116' title='bbox 137 1738 285 1801; x_wconf 81' lang='grc' dir='ltr'><strong><em>ἔκκλισιν</em></strong></span> <span class='ocrx_word' id='word_1_117' title='bbox 316 1737 403 1820; x_wconf 78' lang='grc' dir='ltr'><strong><em>ἔχων</em></strong></span> <span class='ocrx_word' id='word_1_118' title='bbox 434 1735 622 1819; x_wconf 80' lang='grc' dir='ltr'><strong><em>ἀναγκαίας</em></strong></span> <span class='ocrx_word' id='word_1_119' title='bbox 655 1739 852 1820; x_wconf 79' lang='grc' dir='ltr'><strong><em>φοβήσεται,</em></strong></span> <span class='ocrx_word' id='word_1_120' title='bbox 884 1734 1154 1822; x_wconf 77' lang='grc' dir='ltr'><strong><em>άκαταστατήσει,</em></strong></span> 
     </span>
    </p>

    <p class='ocr_par' dir='ltr' id='par_1_4' title="bbox 92 1841 1207 2138">
     <span class='ocr_line' id='line_1_16' title="bbox 92 1841 1207 1931; baseline 0.003 -24"><span class='ocrx_word' id='word_1_121' title='bbox 92 1859 123 1900; x_wconf 80' lang='lat'><strong><em>1⁵</em></strong></span> <span class='ocrx_word' id='word_1_122' title='bbox 137 1843 390 1927; x_wconf 80' lang='grc' dir='ltr'><strong><em>ταραχθήσεται.</em></strong></span> <span class='ocrx_word' id='word_1_123' title='bbox 427 1842 469 1908; x_wconf 83' lang='grc' dir='ltr'><strong><em>οὐ</em></strong></span> <span class='ocrx_word' id='word_1_124' title='bbox 486 1842 551 1931; x_wconf 76' lang='grc' dir='ltr'><strong><em>γάρ</em></strong></span> <span class='ocrx_word' id='word_1_125' title='bbox 567 1842 715 1919; x_wconf 86' lang='grc' dir='ltr'><strong><em>θάνατος</em></strong></span> <span class='ocrx_word' id='word_1_126' title='bbox 732 1841 753 1924; x_wconf 77' lang='grc' dir='ltr'><em>ἢ</em></span> <span class='ocrx_word' id='word_1_127' title='bbox 770 1845 873 1920; x_wconf 84' lang='grc' dir='ltr'><strong><em>τόνος</em></strong></span> <span class='ocrx_word' id='word_1_128' title='bbox 891 1844 1050 1927; x_wconf 82' lang='grc' dir='ltr'><strong><em>φοβερόν,</em></strong></span> <span class='ocrx_word' id='word_1_129' title='bbox 1068 1841 1152 1909; x_wconf 84' lang='grc' dir='ltr'><strong><em>ἀλλὰ</em></strong></span> <span class='ocrx_word' id='word_1_130' title='bbox 1173 1862 1207 1910; x_wconf 84' lang='grc'><strong><em>13</em></strong></span> 
     </span>
     <span class='ocr_line' id='line_1_17' title="bbox 136 1946 1154 2034; baseline 0.002 -21"><span class='ocrx_word' id='word_1_131' title='bbox 136 1950 173 2014; x_wconf 91' lang='grc' dir='ltr'><strong><em>τὸ</em></strong></span> <span class='ocrx_word' id='word_1_132' title='bbox 198 1952 379 2034; x_wconf 80' lang='grc' dir='ltr'><strong><em>φοβεῖσθαι</em></strong></span> <span class='ocrx_word' id='word_1_133' title='bbox 406 1950 513 2014; x_wconf 91' lang='grc' dir='ltr'><strong><em>πόνον</em></strong></span> <span class='ocrx_word' id='word_1_134' title='bbox 540 1946 561 2031; x_wconf 78' lang='grc' dir='ltr'><em>ἢ</em></span> <span class='ocrx_word' id='word_1_135' title='bbox 587 1948 747 2013; x_wconf 87' lang='grc' dir='ltr'><strong><em>θάνατον.</em></strong></span> <span class='ocrx_word' id='word_1_136' title='bbox 794 1949 850 2013; x_wconf 77' lang='grc' dir='ltr'><strong><em>διά</em></strong></span> <span class='ocrx_word' id='word_1_137' title='bbox 876 1957 974 2015; x_wconf 83' lang='grc' dir='ltr'><strong><em>τοῦτο</em></strong></span> <span class='ocrx_word' id='word_1_138' title='bbox 999 1947 1154 2015; x_wconf 83' lang='grc' dir='ltr'><strong><em>ἐπαινοῦ-</em></strong></span> 
     </span>
     <span class='ocr_line' id='line_1_18' title="bbox 137 2053 514 2138; baseline -0.003 -19"><span class='ocrx_word' id='word_1_139' title='bbox 137 2077 198 2138; x_wconf 87' lang='grc' dir='ltr'><strong><em>μεν</em></strong></span> <span class='ocrx_word' id='word_1_140' title='bbox 221 2055 282 2119; x_wconf 90' lang='grc' dir='ltr'><strong><em>τὸν</em></strong></span> <span class='ocrx_word' id='word_1_141' title='bbox 304 2054 439 2118; x_wconf 80' lang='grc' dir='ltr'><strong><em>εἰπόντα</em></strong></span> <span class='ocrx_word' id='word_1_142' title='bbox 463 2053 514 2118; x_wconf 85' lang='grc' dir='ltr'><strong><em>ὅτι</em></strong></span> 
     </span>
    </p>
   </div>
   <div class='ocr_carea' id='block_1_3' title="bbox 263 2172 1023 2245">
    <p class='ocr_par' dir='ltr' id='par_1_5' title="bbox 263 2172 1023 2245">
     <span class='ocr_line' id='line_1_19' title="bbox 263 2172 1023 2245; baseline 0.004 -18"><span class='ocrx_word' id='word_1_143' title='bbox 263 2174 296 2228; x_wconf 84' lang='grc' dir='ltr'><strong><em>οό</em></strong></span> <span class='ocrx_word' id='word_1_144' title='bbox 315 2176 473 2228; x_wconf 84' lang='grc' dir='ltr'><strong><em>κατθανεῖν</em></strong></span> <span class='ocrx_word' id='word_1_145' title='bbox 491 2172 545 2244; x_wconf 73' lang='grc' dir='ltr'><strong><em>γάρ</em></strong></span> <span class='ocrx_word' id='word_1_146' title='bbox 564 2173 670 2241; x_wconf 74' lang='grc' dir='ltr'><strong><em>δεινόν,</em></strong></span> <span class='ocrx_word' id='word_1_147' title='bbox 689 2173 750 2228; x_wconf 86' lang='grc' dir='ltr'><strong><em>ἀλλ’</em></strong></span> <span class='ocrx_word' id='word_1_148' title='bbox 771 2173 892 2245; x_wconf 82' lang='grc' dir='ltr'><strong><em>αἰσχρῶς</em></strong></span> <span class='ocrx_word' id='word_1_149' title='bbox 909 2178 1023 2230; x_wconf 83' lang='grc' dir='ltr'><strong><em>θανεῖν.</em></strong></span> 
     </span>
    </p>
   </div>
   <div class='ocr_carea' id='block_1_4' title="bbox 92 2294 1208 2809">
    <p class='ocr_par' dir='ltr' id='par_1_6' title="bbox 92 2294 1208 2809">
     <span class='ocr_line' id='line_1_20' title="bbox 196 2294 1208 2388; baseline 0.005 -25"><span class='ocrx_word' id='word_1_150' title='bbox 196 2297 287 2365; x_wconf 77' lang='grc' dir='ltr'><strong><em>Ἔδει</em></strong></span> <span class='ocrx_word' id='word_1_151' title='bbox 311 2294 374 2365; x_wconf 84' lang='grc' dir='ltr'><strong><em>οὖν</em></strong></span> <span class='ocrx_word' id='word_1_152' title='bbox 396 2301 478 2385; x_wconf 88' lang='grc' dir='ltr'><strong><em>πρὸς</em></strong></span> <span class='ocrx_word' id='word_1_153' title='bbox 501 2295 562 2383; x_wconf 70' lang='grc' dir='ltr'><strong><em>μὲν</em></strong></span> <span class='ocrx_word' id='word_1_154' title='bbox 584 2302 644 2365; x_wconf 84' lang='grc' dir='ltr'><strong><em>τὸν</em></strong></span> <span class='ocrx_word' id='word_1_155' title='bbox 662 2301 813 2366; x_wconf 88' lang='grc' dir='ltr'><strong><em>θάνατον</em></strong></span> <span class='ocrx_word' id='word_1_156' title='bbox 830 2303 867 2366; x_wconf 86' lang='grc' dir='ltr'><strong><em>τὸ</em></strong></span> <span class='ocrx_word' id='word_1_157' title='bbox 890 2302 1019 2386; x_wconf 77' lang='grc' dir='ltr'><strong><em>θάρσος</em></strong></span> <span class='ocrx_word' id='word_1_158' title='bbox 1038 2301 1152 2388; x_wconf 81' lang='grc' dir='ltr'><strong><em>ἐστρά-</em></strong></span> <span class='ocrx_word' id='word_1_159' title='bbox 1173 2321 1208 2368; x_wconf 77' lang='grc'><strong><em>11</em></strong></span> 
     </span>
     <span class='ocr_line' id='line_1_21' title="bbox 92 2402 1152 2493; baseline 0.001 -21"><span class='ocrx_word' id='word_1_160' title='bbox 92 2433 123 2472; x_wconf 77' lang='grc' dir='ltr'><strong><em>εο</em></strong></span> <span class='ocrx_word' id='word_1_161' title='bbox 136 2413 237 2493; x_wconf 88' lang='grc' dir='ltr'><strong><em>φθαι,</em></strong></span> <span class='ocrx_word' id='word_1_162' title='bbox 259 2407 341 2492; x_wconf 88' lang='grc' dir='ltr'><strong><em>πρὸς</em></strong></span> <span class='ocrx_word' id='word_1_163' title='bbox 364 2402 401 2470; x_wconf 74' lang='grc' dir='ltr'><strong><em>δὲ</em></strong></span> <span class='ocrx_word' id='word_1_164' title='bbox 423 2407 483 2470; x_wconf 89' lang='grc' dir='ltr'><strong><em>τὸν</em></strong></span> <span class='ocrx_word' id='word_1_165' title='bbox 505 2408 615 2490; x_wconf 81' lang='grc' dir='ltr'><strong><em>φόβον</em></strong></span> <span class='ocrx_word' id='word_1_166' title='bbox 632 2416 693 2471; x_wconf 84' lang='grc' dir='ltr'><strong><em>τοῦ</em></strong></span> <span class='ocrx_word' id='word_1_167' title='bbox 711 2407 862 2472; x_wconf 89' lang='grc' dir='ltr'><strong><em>θανάτου</em></strong></span> <span class='ocrx_word' id='word_1_168' title='bbox 880 2408 942 2490; x_wconf 78' lang='grc' dir='ltr'><strong><em>τὴν</em></strong></span> <span class='ocrx_word' id='word_1_169' title='bbox 961 2407 1152 2491; x_wconf 78' lang='grc' dir='ltr'><strong><em>εὐλάβειαν·</em></strong></span> 
     </span>
     <span class='ocr_line' id='line_1_22' title="bbox 136 2506 1153 2598; baseline 0 -19"><span class='ocrx_word' id='word_1_170' title='bbox 136 2523 202 2579; x_wconf 87' lang='grc' dir='ltr'><strong><em>νῦν</em></strong></span> <span class='ocrx_word' id='word_1_171' title='bbox 226 2507 263 2576; x_wconf 70' lang='grc' dir='ltr'><strong><em>δὲ</em></strong></span> <span class='ocrx_word' id='word_1_172' title='bbox 285 2514 323 2577; x_wconf 87' lang='grc' dir='ltr'><strong><em>τὸ</em></strong></span> <span class='ocrx_word' id='word_1_173' title='bbox 347 2509 500 2576; x_wconf 83' lang='grc' dir='ltr'><strong><em>ἐναντίον</em></strong></span> <span class='ocrx_word' id='word_1_174' title='bbox 522 2513 605 2597; x_wconf 84' lang='grc' dir='ltr'><strong><em>πρὸς</em></strong></span> <span class='ocrx_word' id='word_1_175' title='bbox 623 2506 685 2595; x_wconf 77' lang='grc' dir='ltr'><strong><em>μὲν</em></strong></span> <span class='ocrx_word' id='word_1_176' title='bbox 703 2515 762 2578; x_wconf 93' lang='grc' dir='ltr'><strong><em>τὸν</em></strong></span> <span class='ocrx_word' id='word_1_177' title='bbox 780 2512 931 2578; x_wconf 91' lang='grc' dir='ltr'><strong><em>θάνατον</em></strong></span> <span class='ocrx_word' id='word_1_178' title='bbox 949 2513 1010 2596; x_wconf 84' lang='grc' dir='ltr'><strong><em>τὴν</em></strong></span> <span class='ocrx_word' id='word_1_179' title='bbox 1028 2516 1153 2598; x_wconf 78' lang='grc' dir='ltr'><strong><em>φυγήν,</em></strong></span> 
     </span>
     <span class='ocr_line' id='line_1_23' title="bbox 135 2613 1153 2705; baseline 0 -20"><span class='ocrx_word' id='word_1_180' title='bbox 135 2621 220 2705; x_wconf 88' lang='grc' dir='ltr'><strong><em>πρὸς</em></strong></span> <span class='ocrx_word' id='word_1_181' title='bbox 248 2613 286 2682; x_wconf 74' lang='grc' dir='ltr'><strong><em>δὲ</em></strong></span> <span class='ocrx_word' id='word_1_182' title='bbox 313 2619 350 2682; x_wconf 86' lang='grc' dir='ltr'><strong><em>τὸ</em></strong></span> <span class='ocrx_word' id='word_1_183' title='bbox 372 2615 448 2702; x_wconf 81' lang='grc' dir='ltr'><strong><em>περὶ</em></strong></span> <span class='ocrx_word' id='word_1_184' title='bbox 471 2616 575 2683; x_wconf 84' lang='grc' dir='ltr'><strong><em>αὐτοῦ</em></strong></span> <span class='ocrx_word' id='word_1_185' title='bbox 599 2618 706 2701; x_wconf 77' lang='grc' dir='ltr'><strong><em>δόγμα</em></strong></span> <span class='ocrx_word' id='word_1_186' title='bbox 728 2618 790 2700; x_wconf 80' lang='grc' dir='ltr'><strong><em>τὴν</em></strong></span> <span class='ocrx_word' id='word_1_187' title='bbox 818 2615 1074 2703; x_wconf 74' lang='grc' dir='ltr'><strong><em>άνεπιστρεψίαν</em></strong></span> <span class='ocrx_word' id='word_1_188' title='bbox 1096 2617 1153 2685; x_wconf 83' lang='grc' dir='ltr'><strong><em>καὶ</em></strong></span> 
     </span>
     <span class='ocr_line' id='line_1_24' title="bbox 136 2719 1206 2809; baseline 0.001 -18"><span class='ocrx_word' id='word_1_189' title='bbox 136 2727 174 2791; x_wconf 91' lang='grc' dir='ltr'><strong><em>τὸ</em></strong></span> <span class='ocrx_word' id='word_1_190' title='bbox 204 2719 337 2809; x_wconf 71' lang='grc' dir='ltr'><strong><em>ἀφειδὲς</em></strong></span> <span class='ocrx_word' id='word_1_191' title='bbox 364 2720 418 2789; x_wconf 79' lang='grc' dir='ltr'><strong><em>καὶ</em></strong></span> <span class='ocrx_word' id='word_1_192' title='bbox 448 2723 485 2788; x_wconf 91' lang='grc' dir='ltr'><strong><em>τὸ</em></strong></span> <span class='ocrx_word' id='word_1_193' title='bbox 517 2722 787 2807; x_wconf 77' lang='grc' dir='ltr'><strong><em>άδιαφορητικόν.</em></strong></span> <span class='ocrx_word' id='word_1_194' title='bbox 837 2732 940 2788; x_wconf 85' lang='grc' dir='ltr'><strong><em>ταῦτα</em></strong></span> <span class='ocrx_word' id='word_1_195' title='bbox 968 2719 998 2789; x_wconf 78' lang='grc' dir='ltr'><strong><em>θ’</em></strong></span> <span class='ocrx_word' id='word_1_196' title='bbox 1031 2723 1049 2789; x_wconf 87' lang='grc' dir='ltr'><strong>ὁ</strong></span> <span class='ocrx_word' id='word_1_197' title='bbox 1077 2729 1206 2793; x_wconf 67' lang='lat' dir='ltr'><strong>&gt;cm-1⁵</strong></span> 
     </span>
    </p>
   </div>
   <div class='ocr_carea' id='block_1_5' title="bbox 136 2859 352 2867">
    <p class='ocr_par' dir='ltr' id='par_1_7' title="bbox 136 2859 352 2867">
     <span class='ocr_line' id='line_1_25' title="bbox 136 2859 352 2867; baseline -0.005 0"><span class='ocrx_word' id='word_1_198' title='bbox 136 2859 352 2867; x_wconf 75' lang='lat'><strong>——--——-—·</strong></span> 
     </span>
    </p>
   </div>
   <div class='ocr_carea' id='block_1_6' title="bbox 136 2928 1153 3359">
    <p class='ocr_par' dir='ltr' id='par_1_8' title="bbox 136 2928 1153 3340">
     <span class='ocr_line' id='line_1_26' title="bbox 211 2928 1153 3000; baseline 0.003 -14"><span class='ocrx_word' id='word_1_199' title='bbox 211 2939 244 2986; x_wconf 75' lang='lat'><strong><em>15</em></strong></span> <span class='ocrx_word' id='word_1_200' title='bbox 264 2929 445 2986; x_wconf 72' lang='lat' dir='ltr'><strong>cf.1⁴]neh.⁶=</strong></span> <span class='ocrx_word' id='word_1_201' title='bbox 467 2928 527 2985; x_wconf 82' lang='grc' dir='ltr'><strong><em>οἷον</em></strong></span> <span class='ocrx_word' id='word_1_202' title='bbox 542 2929 557 2984; x_wconf 85' lang='grc' dir='ltr'><strong><em>ό</em></strong></span> <span class='ocrx_word' id='word_1_203' title='bbox 571 2929 699 2994; x_wconf 81' lang='grc' dir='ltr'><strong><em>θάνατος</em></strong></span> <span class='ocrx_word' id='word_1_204' title='bbox 718 2931 802 2986; x_wconf 75' lang='grc' dir='ltr'><strong><em>οὐδὲν</em></strong></span> <span class='ocrx_word' id='word_1_205' title='bbox 821 2931 926 3000; x_wconf 77' lang='grc' dir='ltr'><strong><em>δεινόν,</em></strong></span> <span class='ocrx_word' id='word_1_206' title='bbox 946 2929 1008 2988; x_wconf 76' lang='grc' dir='ltr'><strong><em>ἐπεὶ</em></strong></span> <span class='ocrx_word' id='word_1_207' title='bbox 1026 2935 1076 2988; x_wconf 83' lang='grc' dir='ltr'><strong><em>καλ</em></strong></span> <span class='ocrx_word' id='word_1_208' title='bbox 1090 2938 1153 2989; x_wconf 86' lang='grc' dir='ltr'><strong><em>Σω-</em></strong></span> 
     </span>
     <span class='ocr_line' id='line_1_27' title="bbox 136 2996 1153 3132; baseline 0.003 -3"><span class='ocrx_word' id='word_1_209' title='bbox 136 2996 701 3129; x_wconf 51' lang='grc' dir='ltr'><strong><em>1111115)λίιέλῖλῗλιάλλ</em></strong></span> <span class='ocrx_word' id='word_1_210' title='bbox 721 3002 1153 3132; x_wconf 50' lang='grc' dir='ltr'><strong><em>δλλλόὸλεῖλέοέεθόνλῖέλ</em></strong></span> 
     </span>
     <span class='ocr_line' id='line_1_28' title="bbox 136 3078 1152 3214; baseline 0.003 -14"><span class='ocrx_word' id='word_1_211' title='bbox 136 3078 226 3200; x_wconf 45' lang='lat' dir='ltr'>egra,</span> <span class='ocrx_word' id='word_1_212' title='bbox 249 3113 360 3198; x_wconf 74' lang='grc' dir='ltr'><strong><em>οοοοάίλ</em></strong></span> <span class='ocrx_word' id='word_1_213' title='bbox 381 3142 563 3213; x_wconf 77' lang='lat' dir='ltr'><strong>paraphrasis</strong></span> <span class='ocrx_word' id='word_1_214' title='bbox 588 3115 749 3198; x_wconf 49' lang='lat' dir='ltr'><strong>Stobaedna</strong></span> <span class='ocrx_word' id='word_1_215' title='bbox 771 3091 1000 3214; x_wconf 55' lang='grc' dir='ltr'><strong><em>(1101Ρ11ἓκθιε</em></strong></span> <span class='ocrx_word' id='word_1_216' title='bbox 1023 3095 1152 3210; x_wconf 71' lang='grc' dir='ltr'><strong><em>θάνατος</em></strong></span> 
     </span>
     <span class='ocr_line' id='line_1_29' title="bbox 138 3212 1007 3340; baseline -0.001 -68"><span class='ocrx_word' id='word_1_217' title='bbox 138 3218 172 3272; x_wconf 81' lang='grc' dir='ltr'><strong><em>οό</em></strong></span> <span class='ocrx_word' id='word_1_218' title='bbox 192 3213 316 3287; x_wconf 82' lang='grc' dir='ltr'><strong><em>φοβερόν</em></strong></span> <span class='ocrx_word' id='word_1_219' title='bbox 334 3245 348 3254; x_wconf 93' lang='grc'><strong>-</strong></span> <span class='ocrx_word' id='word_1_220' title='bbox 361 3245 375 3254; x_wconf 91' lang='grc'>-</span> <span class='ocrx_word' id='word_1_221' title='bbox 388 3245 402 3254; x_wconf 93' lang='grc'><strong>-</strong></span> <span class='ocrx_word' id='word_1_222' title='bbox 420 3213 490 3267; x_wconf 83' lang='grc' dir='ltr'><strong><em>ἀλλὰ</em></strong></span> <span class='ocrx_word' id='word_1_223' title='bbox 508 3213 539 3267; x_wconf 87' lang='grc' dir='ltr'><strong><em>τὸ</em></strong></span> <span class='ocrx_word' id='word_1_224' title='bbox 559 3212 642 3280; x_wconf 76' lang='grc' dir='ltr'><strong><em>δόξαι</em></strong></span> <span class='ocrx_word' id='word_1_225' title='bbox 659 3214 708 3270; x_wconf 85' lang='grc' dir='ltr'><strong><em>τὸν</em></strong></span> <span class='ocrx_word' id='word_1_226' title='bbox 726 3213 856 3270; x_wconf 85' lang='grc' dir='ltr'><strong><em>θάνατον</em></strong></span> <span class='ocrx_word' id='word_1_227' title='bbox 876 3215 1007 3340; x_wconf 48' lang='grc' dir='ltr'><strong><em>φρῇρρόν.</em></strong></span> 
     </span>
    </p>

    <p class='ocr_par' dir='ltr' id='par_1_9' title="bbox 212 3283 1133 3359">
     <span class='ocr_line' id='line_1_30' title="bbox 212 3283 1133 3359; baseline 0.005 -19"><span class='ocrx_word' id='word_1_228' title='bbox 212 3293 244 3341; x_wconf 87' lang='lat'><strong><em>18</em></strong></span> <span class='ocrx_word' id='word_1_229' title='bbox 263 3285 374 3354; x_wconf 76' lang='lat' dir='ltr'><strong>Fragm.</strong></span> <span class='ocrx_word' id='word_1_230' title='bbox 393 3284 477 3354; x_wconf 75' lang='lat' dir='ltr'><strong>Trag.</strong></span> <span class='ocrx_word' id='word_1_231' title='bbox 495 3283 596 3337; x_wconf 82' lang='lat' dir='ltr'>Nauck</span> <span class='ocrx_word' id='word_1_232' title='bbox 614 3285 717 3355; x_wconf 82' lang='lat' dir='ltr'><strong>Adesp.</strong></span> <span class='ocrx_word' id='word_1_233' title='bbox 734 3290 767 3340; x_wconf 86' lang='lat'><strong><em>88</em></strong></span> <span class='ocrx_word' id='word_1_234' title='bbox 787 3285 902 3355; x_wconf 76' lang='lat' dir='ltr'>(Menan</span> <span class='ocrx_word' id='word_1_235' title='bbox 967 3287 1041 3343; x_wconf 89' lang='lat' dir='ltr'><strong>Mon.</strong></span> <span class='ocrx_word' id='word_1_236' title='bbox 1059 3291 1133 3359; x_wconf 76' lang='lat'>604).</span> 
     </span>
    </p>
   </div>
   <div class='ocr_carea' id='block_1_7' title="bbox 138 3404 352 3416">
    <p class='ocr_par' dir='ltr' id='par_1_10' title="bbox 138 3404 352 3416">
     <span class='ocr_line' id='line_1_31' title="bbox 138 3404 352 3416; baseline -0.028 0"><span class='ocrx_word' id='word_1_237' title='bbox 138 3404 352 3416; x_wconf 45' lang='grc' dir='ltr'><strong><em>*ι’-</em></strong></span> 
     </span>
    </p>
   </div>
   <div class='ocr_carea' id='block_1_8' title="bbox 138 3476 1149 3625">
    <p class='ocr_par' dir='ltr' id='par_1_11' title="bbox 138 3476 1149 3625">
     <span class='ocr_line' id='line_1_32' title="bbox 210 3476 1149 3550; baseline 0 -15"><span class='ocrx_word' id='word_1_238' title='bbox 210 3489 226 3536; x_wconf 83' lang='grc'><strong>3</strong></span> <span class='ocrx_word' id='word_1_239' title='bbox 250 3476 447 3548; x_wconf 75' lang='grc' dir='ltr'><strong><em>ἀπροαιρέτως</em></strong></span> <span class='ocrx_word' id='word_1_240' title='bbox 471 3479 649 3534; x_wconf 75' lang='lat' dir='ltr'><strong><em>Meibomius:</em></strong></span> <span class='ocrx_word' id='word_1_241' title='bbox 676 3480 904 3550; x_wconf 79' lang='grc' dir='ltr'><strong><em>ἀπροαιρετικοῖς</em></strong></span> <span class='ocrx_word' id='word_1_242' title='bbox 926 3481 948 3537; x_wconf 80' lang='lat' dir='ltr'><strong><em>S</em></strong></span> <span class='ocrx_word' id='word_1_243' title='bbox 986 3484 996 3550; x_wconf 70' lang='lat' dir='ltr'><strong><em>ll</em></strong></span> <span class='ocrx_word' id='word_1_244' title='bbox 1038 3486 1070 3535; x_wconf 91' lang='lat'><strong><em>11</em></strong></span> <span class='ocrx_word' id='word_1_245' title='bbox 1099 3476 1149 3550; x_wconf 78' lang='grc' dir='ltr'><strong><em>ἐφ’</em></strong></span> 
     </span>
     <span class='ocr_line' id='line_1_33' title="bbox 138 3548 703 3625; baseline -0.005 -17"><span class='ocrx_word' id='word_1_246' title='bbox 138 3555 214 3625; x_wconf 74' lang='grc' dir='ltr'><strong><em>αὐτῷ</em></strong></span> <span class='ocrx_word' id='word_1_247' title='bbox 233 3551 262 3612; x_wconf 71' lang='lat' dir='ltr'><strong><em>18e</em></strong></span> <span class='ocrx_word' id='word_1_248' title='bbox 292 3552 302 3618; x_wconf 76' lang='grc'><strong><em>11</em></strong></span> <span class='ocrx_word' id='word_1_249' title='bbox 335 3557 367 3604; x_wconf 80' lang='lat'><strong><em>12</em></strong></span> <span class='ocrx_word' id='word_1_250' title='bbox 387 3548 515 3618; x_wconf 80' lang='grc' dir='ltr'><strong><em>ἔκκλησιν</em></strong></span> <span class='ocrx_word' id='word_1_251' title='bbox 535 3549 567 3604; x_wconf 79' lang='lat' dir='ltr'><strong><em>S:</em></strong></span> <span class='ocrx_word' id='word_1_252' title='bbox 586 3566 655 3605; x_wconf 80' lang='lat' dir='ltr'><strong><em>corr.</em></strong></span> <span class='ocrx_word' id='word_1_253' title='bbox 675 3551 703 3612; x_wconf 61' lang='lat' dir='ltr'><strong><em>S„</em></strong></span> 
     </span>
    </p>
   </div>
   <div class='ocr_carea' id='block_1_9' title="bbox 0 0 1332 3922">
    <p class='ocr_par' dir='ltr' id='par_1_12' title="bbox 0 0 1332 3922">
     <span class='ocr_line' id='line_1_34' title="bbox 0 0 1332 3922; baseline 0 0"><span class='ocrx_word' id='word_1_254' title='bbox 0 0 1332 3922; x_wconf 95' lang='lat' dir='ltr'><strong><em> </em></strong></span> 
     </span>
    </p>
   </div>
  </div>
 </body>
</html>
