<?xml version="1.0" encoding="UTF-8"?>
<!DOCTYPE html PUBLIC "-//W3C//DTD XHTML 1.0 Transitional//EN"
    "http://www.w3.org/TR/xhtml1/DTD/xhtml1-transitional.dtd">
<html xmlns="http://www.w3.org/1999/xhtml" xml:lang="en" lang="en">
 <head>
  <title>
</title>
<meta http-equiv="Content-Type" content="text/html;charset=utf-8" />
  <meta name='ocr-system' content='tesseract 3.04.00' />
  <meta name='ocr-capabilities' content='ocr_page ocr_carea ocr_par ocr_line ocrx_word'/>
</head>
<body>
  <div class='ocr_page' id='page_1' title='image "./dissertationesa00epicgoog/dissertationesa00epicgoog_0424.png"; bbox 0 0 2626 3924; ppageno 0'>
   <div class='ocr_carea' id='block_1_1' title="bbox 111 209 1124 276">
    <p class='ocr_par' dir='ltr' id='par_1_1' title="bbox 111 209 1124 276">
     <span class='ocr_line' id='line_1_1' title="bbox 111 209 1124 276; baseline 0.012 -20"><span class='ocrx_word' id='word_1_1' title='bbox 111 217 312 275; x_wconf 78' lang='lat' dir='ltr'><strong>(1V‚1,8‘1-100)</strong></span> <span class='ocrx_word' id='word_1_2' title='bbox 401 209 554 263; x_wconf 84' lang='lat' dir='ltr'><strong>BIBAION</strong></span> <span class='ocrx_word' id='word_1_3' title='bbox 571 211 766 265; x_wconf 82' lang='lat' dir='ltr'><strong>TETAPTON.</strong></span> <span class='ocrx_word' id='word_1_4' title='bbox 792 209 833 264; x_wconf 82' lang='grc' dir='ltr'><strong><em>α’.</em></strong></span> <span class='ocrx_word' id='word_1_5' title='bbox 1058 210 1124 276; x_wconf 79' lang='grc'><strong><em>329</em></strong></span> 
     </span>
    </p>
   </div>
   <div class='ocr_carea' id='block_1_2' title="bbox 66 369 1176 3110">
    <p class='ocr_par' dir='ltr' id='par_1_2' title="bbox 83 369 1176 1308">
     <span class='ocr_line' id='line_1_2' title="bbox 111 369 1124 460; baseline 0.005 -26"><span class='ocrx_word' id='word_1_6' title='bbox 111 369 252 455; x_wconf 78' lang='grc' dir='ltr'><strong><em>ἀκήκοεν</em></strong></span> <span class='ocrx_word' id='word_1_7' title='bbox 276 369 327 435; x_wconf 82' lang='grc' dir='ltr'><strong><em>ὅτι</em></strong></span> <span class='ocrx_word' id='word_1_8' title='bbox 350 371 541 456; x_wconf 86' lang='grc' dir='ltr'><strong><em>λῃστεύεται</em></strong></span> <span class='ocrx_word' id='word_1_9' title='bbox 563 370 584 454; x_wconf 79' lang='grc' dir='ltr'><em>ἡ</em></span> <span class='ocrx_word' id='word_1_10' title='bbox 608 371 698 448; x_wconf 82' lang='grc' dir='ltr'><strong><em>ὁδός·</em></strong></span> <span class='ocrx_word' id='word_1_11' title='bbox 725 374 828 456; x_wconf 90' lang='grc' dir='ltr'><strong><em>μόνος</em></strong></span> <span class='ocrx_word' id='word_1_12' title='bbox 849 371 891 437; x_wconf 84' lang='grc' dir='ltr'><strong><em>οὐ</em></strong></span> <span class='ocrx_word' id='word_1_13' title='bbox 913 376 1019 460; x_wconf 80' lang='grc' dir='ltr'><strong><em>τολμᾷ</em></strong></span> <span class='ocrx_word' id='word_1_14' title='bbox 1041 380 1124 439; x_wconf 89' lang='grc' dir='ltr'><strong><em>καθ-</em></strong></span> 
     </span>
     <span class='ocr_line' id='line_1_3' title="bbox 110 474 1123 563; baseline 0.004 -22"><span class='ocrx_word' id='word_1_15' title='bbox 110 487 214 559; x_wconf 81' lang='grc' dir='ltr'><strong><em>εῖναι,</em></strong></span> <span class='ocrx_word' id='word_1_16' title='bbox 245 474 328 540; x_wconf 87' lang='grc' dir='ltr'><strong><em>ἀλλά</em></strong></span> <span class='ocrx_word' id='word_1_17' title='bbox 364 474 571 562; x_wconf 82' lang='grc' dir='ltr'><strong><em>περιέμεινεν</em></strong></span> <span class='ocrx_word' id='word_1_18' title='bbox 605 479 767 543; x_wconf 81' lang='grc' dir='ltr'><strong><em>συνοδίαν</em></strong></span> <span class='ocrx_word' id='word_1_19' title='bbox 803 477 824 562; x_wconf 79' lang='grc' dir='ltr'><em>ἢ</em></span> <span class='ocrx_word' id='word_1_20' title='bbox 861 482 1066 563; x_wconf 78' lang='grc' dir='ltr'><strong><em>πρεσβευτοῦ</em></strong></span> <span class='ocrx_word' id='word_1_21' title='bbox 1102 478 1123 562; x_wconf 75' lang='grc' dir='ltr'><strong><em>ἢ</em></strong></span> 
     </span>
     <span class='ocr_line' id='line_1_4' title="bbox 110 580 1124 670; baseline 0.002 -22"><span class='ocrx_word' id='word_1_22' title='bbox 110 586 230 666; x_wconf 82' lang='grc' dir='ltr'><strong><em>ταμίου</em></strong></span> <span class='ocrx_word' id='word_1_23' title='bbox 258 580 278 664; x_wconf 75' lang='grc' dir='ltr'><strong><em>ἣ</em></strong></span> <span class='ocrx_word' id='word_1_24' title='bbox 302 581 499 648; x_wconf 76' lang='grc' dir='ltr'><strong><em>ἀνθυπάτου</em></strong></span> <span class='ocrx_word' id='word_1_25' title='bbox 526 581 582 648; x_wconf 82' lang='grc' dir='ltr'><strong><em>καὶ</em></strong></span> <span class='ocrx_word' id='word_1_26' title='bbox 608 582 876 670; x_wconf 83' lang='grc' dir='ltr'><strong><em>προσκατατάξας</em></strong></span> <span class='ocrx_word' id='word_1_27' title='bbox 899 581 1018 651; x_wconf 79' lang='grc' dir='ltr'><strong><em>ἑαυτὸν</em></strong></span> <span class='ocrx_word' id='word_1_28' title='bbox 1041 606 1124 670; x_wconf 82' lang='grc' dir='ltr'><strong><em>παρ-</em></strong></span> 
     </span>
     <span class='ocr_line' id='line_1_5' title="bbox 111 685 1175 779; baseline 0.003 -26"><span class='ocrx_word' id='word_1_29' title='bbox 111 686 239 774; x_wconf 75' lang='grc' dir='ltr'><strong><em>ἔρχεται</em></strong></span> <span class='ocrx_word' id='word_1_30' title='bbox 258 687 421 773; x_wconf 92' lang='grc' dir='ltr'><strong><em>ἀσφαλῶς.</em></strong></span> <span class='ocrx_word' id='word_1_31' title='bbox 459 689 545 754; x_wconf 83' lang='grc' dir='ltr'><strong><em>οὕτω</em></strong></span> <span class='ocrx_word' id='word_1_32' title='bbox 564 685 620 754; x_wconf 78' lang='grc' dir='ltr'><strong><em>καὶ</em></strong></span> <span class='ocrx_word' id='word_1_33' title='bbox 639 688 676 754; x_wconf 82' lang='grc' dir='ltr'><strong><em>ἐν</em></strong></span> <span class='ocrx_word' id='word_1_34' title='bbox 693 699 739 777; x_wconf 72' lang='grc' dir='ltr'><strong><em>τῷ</em></strong></span> <span class='ocrx_word' id='word_1_35' title='bbox 759 692 873 779; x_wconf 82' lang='grc' dir='ltr'><strong><em>κόσμςο</em></strong></span> <span class='ocrx_word' id='word_1_36' title='bbox 891 701 983 756; x_wconf 89' lang='grc' dir='ltr'><strong><em>ποιεῖ</em></strong></span> <span class='ocrx_word' id='word_1_37' title='bbox 1003 690 1021 757; x_wconf 90' lang='grc' dir='ltr'>ὁ</span> <span class='ocrx_word' id='word_1_38' title='bbox 1041 695 1122 776; x_wconf 89' lang='grc' dir='ltr'><strong><em>φρό-</em></strong></span> <span class='ocrx_word' id='word_1_39' title='bbox 1141 708 1175 757; x_wconf 77' lang='grc'><strong><em>99</em></strong></span> 
     </span>
     <span class='ocr_line' id='line_1_6' title="bbox 83 796 1123 882; baseline -0.003 -17"><span class='ocrx_word' id='word_1_40' title='bbox 83 819 215 878; x_wconf 79' lang='grc' dir='ltr'><strong><em>ινιμος.</em></strong></span> <span class='ocrx_word' id='word_1_41' title='bbox 260 796 367 861; x_wconf 89' lang='grc' dir='ltr'><strong><em>πολλά</em></strong></span> <span class='ocrx_word' id='word_1_42' title='bbox 390 797 561 882; x_wconf 81' lang='grc' dir='ltr'><strong><em>λῃστήρια,</em></strong></span> <span class='ocrx_word' id='word_1_43' title='bbox 591 796 762 881; x_wconf 80' lang='grc' dir='ltr'><strong><em>τύραννοι,</em></strong></span> <span class='ocrx_word' id='word_1_44' title='bbox 785 808 955 882; x_wconf 77' lang='grc' dir='ltr'><strong><em>χειμῶνες,</em></strong></span> <span class='ocrx_word' id='word_1_45' title='bbox 978 796 1123 882; x_wconf 89' lang='grc' dir='ltr'><strong><em>ἀπορίαι,</em></strong></span> 
     </span>
     <span class='ocr_line' id='line_1_7' title="bbox 110 897 1174 989; baseline 0.002 -23"><span class='ocrx_word' id='word_1_46' title='bbox 110 897 273 986; x_wconf 78' lang='grc' dir='ltr'><strong><em>ἀποβολαὶ</em></strong></span> <span class='ocrx_word' id='word_1_47' title='bbox 291 912 359 967; x_wconf 88' lang='grc' dir='ltr'><strong><em>τῶν</em></strong></span> <span class='ocrx_word' id='word_1_48' title='bbox 376 902 553 986; x_wconf 81' lang='grc' dir='ltr'><strong><em>φιλτάτων.</em></strong></span> <span class='ocrx_word' id='word_1_49' title='bbox 586 902 663 968; x_wconf 52' lang='grc' dir='ltr'><strong><em>εποῶ</em></strong></span> <span class='ocrx_word' id='word_1_50' title='bbox 681 926 732 979; x_wconf 92' lang='grc' dir='ltr'><strong><em>τις</em></strong></span> <span class='ocrx_word' id='word_1_51' title='bbox 749 905 936 989; x_wconf 60' lang='grc' dir='ltr'><strong><em>καταφύγῃ</em></strong></span> <span class='ocrx_word' id='word_1_52' title='bbox 955 914 1024 980; x_wconf 86' lang='grc' dir='ltr'><strong><em>πῶς</em></strong></span> <span class='ocrx_word' id='word_1_53' title='bbox 1042 900 1122 989; x_wconf 81' lang='grc' dir='ltr'><strong><em>ἀλῄ-</em></strong></span> <span class='ocrx_word' id='word_1_54' title='bbox 1140 919 1174 968; x_wconf 86' lang='grc'><strong><em>99</em></strong></span> 
     </span>
     <span class='ocr_line' id='line_1_8' title="bbox 111 1004 1123 1095; baseline 0.001 -23"><span class='ocrx_word' id='word_1_55' title='bbox 111 1025 245 1085; x_wconf 87' lang='grc' dir='ltr'><strong><em>στευτος</em></strong></span> <span class='ocrx_word' id='word_1_56' title='bbox 266 1004 433 1093; x_wconf 75' lang='grc' dir='ltr'><strong><em>παρέλθῃς</em></strong></span> <span class='ocrx_word' id='word_1_57' title='bbox 456 1011 557 1073; x_wconf 90' lang='grc' dir='ltr'><strong><em>ποίαν</em></strong></span> <span class='ocrx_word' id='word_1_58' title='bbox 575 1009 739 1074; x_wconf 78' lang='grc' dir='ltr'><strong><em>συνοδίαν</em></strong></span> <span class='ocrx_word' id='word_1_59' title='bbox 757 1012 947 1093; x_wconf 78' lang='grc' dir='ltr'><strong><em>περιμείνας</em></strong></span> <span class='ocrx_word' id='word_1_60' title='bbox 967 1008 1123 1095; x_wconf 82' lang='grc' dir='ltr'><strong><em>ἀσφαλῶς</em></strong></span> 
     </span>
     <span class='ocr_line' id='line_1_9' title="bbox 111 1111 1176 1204; baseline 0.001 -26"><span class='ocrx_word' id='word_1_61' title='bbox 111 1112 245 1200; x_wconf 71' lang='grc' dir='ltr'><strong><em>διέλθῃς</em></strong></span> <span class='ocrx_word' id='word_1_62' title='bbox 282 1115 349 1178; x_wconf 93' lang='grc' dir='ltr'><strong><em>τίνι</em></strong></span> <span class='ocrx_word' id='word_1_63' title='bbox 386 1113 654 1198; x_wconf 84' lang='grc' dir='ltr'><strong><em>προσκατατάξας</em></strong></span> <span class='ocrx_word' id='word_1_64' title='bbox 690 1111 824 1193; x_wconf 85' lang='grc' dir='ltr'><strong><em>ἕαυτόν;</em></strong></span> <span class='ocrx_word' id='word_1_65' title='bbox 862 1124 908 1202; x_wconf 75' lang='grc' dir='ltr'><strong><em>τῷ</em></strong></span> <span class='ocrx_word' id='word_1_66' title='bbox 941 1117 1045 1198; x_wconf 81' lang='grc' dir='ltr'><strong><em>δεῖνι,</em></strong></span> <span class='ocrx_word' id='word_1_67' title='bbox 1077 1124 1122 1204; x_wconf 76' lang='grc' dir='ltr'><strong><em>τῷ</em></strong></span> <span class='ocrx_word' id='word_1_68' title='bbox 1141 1131 1176 1180; x_wconf 80' lang='grc'><strong><em>94</em></strong></span> 
     </span>
     <span class='ocr_line' id='line_1_10' title="bbox 109 1219 1123 1308; baseline 0.003 -24"><span class='ocrx_word' id='word_1_69' title='bbox 109 1223 271 1306; x_wconf 77' lang='grc' dir='ltr'><strong><em>πλουσίῳ,</em></strong></span> <span class='ocrx_word' id='word_1_70' title='bbox 293 1229 339 1308; x_wconf 77' lang='grc' dir='ltr'><strong><em>τῷ</em></strong></span> <span class='ocrx_word' id='word_1_71' title='bbox 358 1220 519 1308; x_wconf 75' lang='grc' dir='ltr'><strong><em>ὑπατικῷς</em></strong></span> <span class='ocrx_word' id='word_1_72' title='bbox 538 1219 593 1286; x_wconf 81' lang='grc' dir='ltr'><strong><em>καὶ</em></strong></span> <span class='ocrx_word' id='word_1_73' title='bbox 611 1225 646 1286; x_wconf 91' lang='grc' dir='ltr'><strong><em>τί</em></strong></span> <span class='ocrx_word' id='word_1_74' title='bbox 662 1245 718 1306; x_wconf 94' lang='grc' dir='ltr'><strong><em>μοι</em></strong></span> <span class='ocrx_word' id='word_1_75' title='bbox 737 1224 871 1306; x_wconf 75' lang='grc' dir='ltr'><strong><em>δφελοςς</em></strong></span> <span class='ocrx_word' id='word_1_76' title='bbox 892 1221 991 1299; x_wconf 83' lang='grc' dir='ltr'><strong><em>αὐτὸς</em></strong></span> <span class='ocrx_word' id='word_1_77' title='bbox 1010 1220 1123 1287; x_wconf 87' lang='grc' dir='ltr'><strong><em>έκδύε-</em></strong></span> 
     </span>
    </p>

    <p class='ocr_par' dir='ltr' id='par_1_3' title="bbox 67 1323 1174 1836">
     <span class='ocr_line' id='line_1_11' title="bbox 67 1323 1122 1415; baseline 0 -21"><span class='ocrx_word' id='word_1_78' title='bbox 67 1355 95 1394; x_wconf 89' lang='lat'><strong><em>10</em></strong></span> <span class='ocrx_word' id='word_1_79' title='bbox 109 1349 175 1409; x_wconf 89' lang='grc' dir='ltr'><strong><em>ται,</em></strong></span> <span class='ocrx_word' id='word_1_80' title='bbox 198 1328 340 1410; x_wconf 76' lang='grc' dir='ltr'><strong><em>οἰμώζει,</em></strong></span> <span class='ocrx_word' id='word_1_81' title='bbox 362 1333 490 1392; x_wconf 87' lang='grc' dir='ltr'><strong><em>πενθεῖ.</em></strong></span> <span class='ocrx_word' id='word_1_82' title='bbox 535 1331 570 1392; x_wconf 91' lang='grc' dir='ltr'><strong><em>τί</em></strong></span> <span class='ocrx_word' id='word_1_83' title='bbox 591 1323 636 1411; x_wconf 87' lang='grc' dir='ltr'><strong><em>δ’,</em></strong></span> <span class='ocrx_word' id='word_1_84' title='bbox 660 1327 702 1393; x_wconf 85' lang='grc' dir='ltr'><strong><em>ἀν</em></strong></span> <span class='ocrx_word' id='word_1_85' title='bbox 725 1327 743 1394; x_wconf 86' lang='grc' dir='ltr'>ὁ</span> <span class='ocrx_word' id='word_1_86' title='bbox 762 1329 1005 1415; x_wconf 87' lang='grc' dir='ltr'><strong><em>συνοδοιπόρος</em></strong></span> <span class='ocrx_word' id='word_1_87' title='bbox 1024 1327 1122 1405; x_wconf 86' lang='grc' dir='ltr'><strong><em>αὐτὸς</em></strong></span> 
     </span>
     <span class='ocr_line' id='line_1_12' title="bbox 110 1429 1174 1519; baseline 0.001 -21"><span class='ocrx_word' id='word_1_88' title='bbox 110 1429 160 1498; x_wconf 82' lang='grc' dir='ltr'><strong><em>ἐπ’</em></strong></span> <span class='ocrx_word' id='word_1_89' title='bbox 184 1429 240 1515; x_wconf 71' lang='grc' dir='ltr'><strong><em>ἐμὲ</em></strong></span> <span class='ocrx_word' id='word_1_90' title='bbox 264 1431 419 1519; x_wconf 76' lang='grc' dir='ltr'><strong><em>στραφεὶς</em></strong></span> <span class='ocrx_word' id='word_1_91' title='bbox 441 1434 562 1519; x_wconf 81' lang='grc' dir='ltr'><strong><em>λῃστής</em></strong></span> <span class='ocrx_word' id='word_1_92' title='bbox 584 1457 649 1516; x_wconf 93' lang='grc' dir='ltr'><strong><em>μου</em></strong></span> <span class='ocrx_word' id='word_1_93' title='bbox 673 1430 820 1517; x_wconf 75' lang='grc' dir='ltr'><strong><em>ῃένῃταις</em></strong></span> <span class='ocrx_word' id='word_1_94' title='bbox 845 1436 880 1498; x_wconf 90' lang='grc' dir='ltr'><strong><em>τί</em></strong></span> <span class='ocrx_word' id='word_1_95' title='bbox 899 1438 1041 1519; x_wconf 74' lang='grc' dir='ltr'><strong><em>ποιήσοις</em></strong></span> <span class='ocrx_word' id='word_1_96' title='bbox 1065 1437 1121 1519; x_wconf 91' lang='grc' dir='ltr'><strong><em>φί-</em></strong></span> <span class='ocrx_word' id='word_1_97' title='bbox 1140 1449 1174 1499; x_wconf 75' lang='grc'><strong><em>99</em></strong></span> 
     </span>
     <span class='ocr_line' id='line_1_13' title="bbox 109 1537 1123 1624; baseline 0 -20"><span class='ocrx_word' id='word_1_98' title='bbox 109 1543 168 1615; x_wconf 85' lang='grc' dir='ltr'><strong><em>λος</em></strong></span> <span class='ocrx_word' id='word_1_99' title='bbox 191 1541 307 1622; x_wconf 78' lang='grc' dir='ltr'><strong><em>ἔσομαι</em></strong></span> <span class='ocrx_word' id='word_1_100' title='bbox 330 1543 510 1622; x_wconf 86' lang='grc' dir='ltr'><strong><em>Καίσαρος·</em></strong></span> <span class='ocrx_word' id='word_1_101' title='bbox 538 1537 666 1604; x_wconf 81' lang='grc' dir='ltr'><strong><em>ἐκείνου</em></strong></span> <span class='ocrx_word' id='word_1_102' title='bbox 690 1563 730 1623; x_wconf 90' lang='grc' dir='ltr'><strong><em>με</em></strong></span> <span class='ocrx_word' id='word_1_103' title='bbox 753 1541 833 1605; x_wconf 74' lang='grc' dir='ltr'><strong><em>ὄντα</em></strong></span> <span class='ocrx_word' id='word_1_104' title='bbox 856 1537 988 1624; x_wconf 79' lang='grc' dir='ltr'><strong><em>ἑταῖρον</em></strong></span> <span class='ocrx_word' id='word_1_105' title='bbox 1011 1538 1123 1617; x_wconf 79' lang='grc' dir='ltr'><strong><em>οὐδεὶς</em></strong></span> 
     </span>
     <span class='ocr_line' id='line_1_14' title="bbox 109 1641 1121 1732; baseline 0.002 -23"><span class='ocrx_word' id='word_1_106' title='bbox 109 1643 270 1726; x_wconf 79' lang='grc' dir='ltr'><strong><em>ἀδικήσει.</em></strong></span> <span class='ocrx_word' id='word_1_107' title='bbox 315 1656 448 1732; x_wconf 88' lang='grc' dir='ltr'><strong><em>πρῶτον</em></strong></span> <span class='ocrx_word' id='word_1_108' title='bbox 471 1641 532 1729; x_wconf 72' lang='grc' dir='ltr'><strong><em>μὲν</em></strong></span> <span class='ocrx_word' id='word_1_109' title='bbox 551 1646 607 1710; x_wconf 77' lang='grc' dir='ltr'><strong><em>ἵνα</em></strong></span> <span class='ocrx_word' id='word_1_110' title='bbox 630 1644 776 1729; x_wconf 77' lang='grc' dir='ltr'><strong><em>γένωμαι</em></strong></span> <span class='ocrx_word' id='word_1_111' title='bbox 795 1648 954 1729; x_wconf 86' lang='grc' dir='ltr'><strong><em>λαμπρός,</em></strong></span> <span class='ocrx_word' id='word_1_112' title='bbox 977 1649 1063 1711; x_wconf 89' lang='grc' dir='ltr'><strong><em>πόσα</em></strong></span> <span class='ocrx_word' id='word_1_113' title='bbox 1082 1669 1121 1729; x_wconf 91' lang='grc' dir='ltr'><strong><em>με</em></strong></span> 
     </span>
     <span class='ocr_line' id='line_1_15' title="bbox 110 1748 1122 1836; baseline -0.001 -20"><span class='ocrx_word' id='word_1_114' title='bbox 110 1752 165 1816; x_wconf 88' lang='grc' dir='ltr'><strong><em>δεῖ</em></strong></span> <span class='ocrx_word' id='word_1_115' title='bbox 179 1756 297 1836; x_wconf 79' lang='grc' dir='ltr'><strong><em>τλῆναι</em></strong></span> <span class='ocrx_word' id='word_1_116' title='bbox 314 1748 371 1816; x_wconf 84' lang='grc' dir='ltr'><strong><em>καὶ</em></strong></span> <span class='ocrx_word' id='word_1_117' title='bbox 388 1757 523 1834; x_wconf 79' lang='grc' dir='ltr'><strong><em>παθεῖν,</em></strong></span> <span class='ocrx_word' id='word_1_118' title='bbox 545 1751 684 1827; x_wconf 79' lang='grc' dir='ltr'><strong><em>ποσάκις</em></strong></span> <span class='ocrx_word' id='word_1_119' title='bbox 701 1748 756 1816; x_wconf 84' lang='grc' dir='ltr'><strong><em>καὶ</em></strong></span> <span class='ocrx_word' id='word_1_120' title='bbox 774 1750 840 1816; x_wconf 85' lang='grc' dir='ltr'><strong><em>ὑπὸ</em></strong></span> <span class='ocrx_word' id='word_1_121' title='bbox 858 1754 971 1816; x_wconf 84' lang='grc' dir='ltr'><strong><em>πόσων</em></strong></span> <span class='ocrx_word' id='word_1_122' title='bbox 985 1756 1122 1836; x_wconf 88' lang='grc' dir='ltr'><strong><em>λῃστευ-</em></strong></span> 
     </span>
    </p>

    <p class='ocr_par' dir='ltr' id='par_1_4' title="bbox 66 1852 1174 2368">
     <span class='ocr_line' id='line_1_16' title="bbox 66 1852 1122 1946; baseline -0.003 -21"><span class='ocrx_word' id='word_1_123' title='bbox 66 1885 94 1926; x_wconf 82' lang='lat'><strong><em>15</em></strong></span> <span class='ocrx_word' id='word_1_124' title='bbox 108 1863 227 1941; x_wconf 75' lang='grc' dir='ltr'><strong><em>θῆναι·</em></strong></span> <span class='ocrx_word' id='word_1_125' title='bbox 251 1853 322 1922; x_wconf 81' lang='grc' dir='ltr'><strong><em>εἶτα</em></strong></span> <span class='ocrx_word' id='word_1_126' title='bbox 345 1857 404 1923; x_wconf 81' lang='grc' dir='ltr'><strong><em>ἐάν</em></strong></span> <span class='ocrx_word' id='word_1_127' title='bbox 427 1856 584 1941; x_wconf 77' lang='grc' dir='ltr'><strong><em>γένωμαι,</em></strong></span> <span class='ocrx_word' id='word_1_128' title='bbox 606 1853 662 1946; x_wconf 78' lang='grc' dir='ltr'><strong><em>καὶ</em></strong></span> <span class='ocrx_word' id='word_1_129' title='bbox 681 1852 779 1934; x_wconf 86' lang='grc' dir='ltr'><strong><em>οὗτος</em></strong></span> <span class='ocrx_word' id='word_1_130' title='bbox 798 1859 924 1940; x_wconf 81' lang='grc' dir='ltr'><strong><em>θνητός</em></strong></span> <span class='ocrx_word' id='word_1_131' title='bbox 943 1855 1033 1922; x_wconf 91' lang='grc' dir='ltr'><strong><em>ε’στιν</em></strong></span> <span class='ocrx_word' id='word_1_132' title='bbox 1054 1854 1122 1939; x_wconf 77' lang='grc' dir='ltr'><strong><em>[καὶ</em></strong></span> 
     </span>
     <span class='ocr_line' id='line_1_17' title="bbox 110 1958 1174 2049; baseline 0 -21"><span class='ocrx_word' id='word_1_133' title='bbox 110 1958 208 2040; x_wconf 82' lang='grc' dir='ltr'><strong><em>οὗτος</em></strong></span> <span class='ocrx_word' id='word_1_134' title='bbox 238 1966 386 2047; x_wconf 84' lang='grc' dir='ltr'><strong><em>θνητός].</em></strong></span> <span class='ocrx_word' id='word_1_135' title='bbox 441 1962 483 2029; x_wconf 85' lang='grc' dir='ltr'><strong><em>ἀν</em></strong></span> <span class='ocrx_word' id='word_1_136' title='bbox 517 1961 546 2028; x_wconf 89' lang='grc' dir='ltr'><strong><em>δ’</em></strong></span> <span class='ocrx_word' id='word_1_137' title='bbox 581 1963 680 2041; x_wconf 84' lang='grc' dir='ltr'><strong><em>αὐτὸς</em></strong></span> <span class='ocrx_word' id='word_1_138' title='bbox 711 1966 747 2028; x_wconf 80' lang='grc' dir='ltr'><strong><em>ἔκ</em></strong></span> <span class='ocrx_word' id='word_1_139' title='bbox 779 1986 870 2040; x_wconf 92' lang='grc' dir='ltr'><strong><em>τινος</em></strong></span> <span class='ocrx_word' id='word_1_140' title='bbox 901 1963 1122 2049; x_wconf 80' lang='grc' dir='ltr'><strong><em>περιστάσεως</em></strong></span> <span class='ocrx_word' id='word_1_141' title='bbox 1140 1979 1174 2028; x_wconf 84' lang='grc'><strong><em>99</em></strong></span> 
     </span>
     <span class='ocr_line' id='line_1_18' title="bbox 109 2067 1122 2156; baseline 0.001 -22"><span class='ocrx_word' id='word_1_142' title='bbox 109 2067 231 2156; x_wconf 78' lang='grc' dir='ltr'><strong><em>ἐχθρός</em></strong></span> <span class='ocrx_word' id='word_1_143' title='bbox 258 2094 323 2154; x_wconf 93' lang='grc' dir='ltr'><strong><em>μου</em></strong></span> <span class='ocrx_word' id='word_1_144' title='bbox 347 2068 496 2154; x_wconf 77' lang='grc' dir='ltr'><strong><em>γε’νῃται,</em></strong></span> <span class='ocrx_word' id='word_1_145' title='bbox 526 2069 738 2156; x_wconf 76' lang='grc' dir='ltr'><strong><em>ἀναχωρῆσαι</em></strong></span> <span class='ocrx_word' id='word_1_146' title='bbox 761 2078 827 2136; x_wconf 87' lang='grc' dir='ltr'><strong><em>ποῦ</em></strong></span> <span class='ocrx_word' id='word_1_147' title='bbox 849 2091 929 2134; x_wconf 89' lang='grc' dir='ltr'><strong><em>ποτε</em></strong></span> <span class='ocrx_word' id='word_1_148' title='bbox 951 2080 1122 2156; x_wconf 86' lang='grc' dir='ltr'><strong><em>κρεῖσσον;</em></strong></span> 
     </span>
     <span class='ocr_line' id='line_1_19' title="bbox 109 2171 1174 2262; baseline 0 -23"><span class='ocrx_word' id='word_1_149' title='bbox 109 2177 159 2252; x_wconf 87' lang='grc' dir='ltr'><strong><em>είς</em></strong></span> <span class='ocrx_word' id='word_1_150' title='bbox 187 2174 339 2262; x_wconf 82' lang='grc' dir='ltr'><strong><em>ἐρημίαν;</em></strong></span> <span class='ocrx_word' id='word_1_151' title='bbox 372 2177 448 2261; x_wconf 81' lang='grc' dir='ltr'><strong><em>ἀγε,</em></strong></span> <span class='ocrx_word' id='word_1_152' title='bbox 476 2175 545 2241; x_wconf 81' lang='grc' dir='ltr'><strong><em>ἐκεῖ</em></strong></span> <span class='ocrx_word' id='word_1_153' title='bbox 569 2179 710 2262; x_wconf 85' lang='grc' dir='ltr'><strong><em>πυρετὸς</em></strong></span> <span class='ocrx_word' id='word_1_154' title='bbox 738 2176 800 2241; x_wconf 89' lang='grc' dir='ltr'><strong><em>οὐκ</em></strong></span> <span class='ocrx_word' id='word_1_155' title='bbox 827 2178 971 2261; x_wconf 72' lang='grc' dir='ltr'><strong><em>ἔρχεταις</em></strong></span> <span class='ocrx_word' id='word_1_156' title='bbox 999 2179 1034 2241; x_wconf 91' lang='grc' dir='ltr'><strong><em>τί</em></strong></span> <span class='ocrx_word' id='word_1_157' title='bbox 1058 2171 1121 2243; x_wconf 83' lang='grc' dir='ltr'><strong><em>οὖν</em></strong></span> <span class='ocrx_word' id='word_1_158' title='bbox 1140 2191 1174 2241; x_wconf 75' lang='grc'><strong><em>97</em></strong></span> 
     </span>
     <span class='ocr_line' id='line_1_20' title="bbox 108 2279 1122 2368; baseline 0.003 -22"><span class='ocrx_word' id='word_1_159' title='bbox 108 2279 258 2366; x_wconf 75' lang='grc' dir='ltr'><strong><em>γένῃταις</em></strong></span> <span class='ocrx_word' id='word_1_160' title='bbox 291 2282 353 2347; x_wconf 88' lang='grc' dir='ltr'><strong><em>οὐκ</em></strong></span> <span class='ocrx_word' id='word_1_161' title='bbox 380 2284 470 2348; x_wconf 80' lang='grc' dir='ltr'><strong><em>ἔστιν</em></strong></span> <span class='ocrx_word' id='word_1_162' title='bbox 497 2282 609 2368; x_wconf 85' lang='grc' dir='ltr'><strong><em>εὑρεῖν</em></strong></span> <span class='ocrx_word' id='word_1_163' title='bbox 637 2281 768 2366; x_wconf 80' lang='grc' dir='ltr'><strong><em>ἀσφαλῆ</em></strong></span> <span class='ocrx_word' id='word_1_164' title='bbox 798 2282 960 2365; x_wconf 87' lang='grc' dir='ltr'><strong><em>σύνοδον,</em></strong></span> <span class='ocrx_word' id='word_1_165' title='bbox 991 2286 1122 2366; x_wconf 89' lang='grc' dir='ltr'><strong><em>πιστόν,</em></strong></span> 
     </span>
    </p>

    <p class='ocr_par' dir='ltr' id='par_1_5' title="bbox 66 2385 1175 2684">
     <span class='ocr_line' id='line_1_21' title="bbox 66 2385 1175 2474; baseline -0.005 -16"><span class='ocrx_word' id='word_1_166' title='bbox 66 2419 94 2458; x_wconf 73' lang='grc' dir='ltr'><strong><em>9ο</em></strong></span> <span class='ocrx_word' id='word_1_167' title='bbox 110 2390 261 2474; x_wconf 80' lang='grc' dir='ltr'><strong><em>ἰσχυρόν,</em></strong></span> <span class='ocrx_word' id='word_1_168' title='bbox 283 2386 592 2473; x_wconf 80' lang='grc' dir='ltr'><strong><em>ἀνεπιβούλευτον;’</em></strong></span> <span class='ocrx_word' id='word_1_169' title='bbox 620 2389 725 2464; x_wconf 79' lang='grc' dir='ltr'><strong><em>οὕτως</em></strong></span> <span class='ocrx_word' id='word_1_170' title='bbox 749 2386 901 2471; x_wconf 79' lang='grc' dir='ltr'><strong><em>ἐφίστησι</em></strong></span> <span class='ocrx_word' id='word_1_171' title='bbox 923 2385 979 2452; x_wconf 82' lang='grc' dir='ltr'><strong><em>καὶ</em></strong></span> <span class='ocrx_word' id='word_1_172' title='bbox 1003 2387 1122 2470; x_wconf 83' lang='grc' dir='ltr'><strong><em>ἐννοεῖ,</em></strong></span> <span class='ocrx_word' id='word_1_173' title='bbox 1140 2403 1175 2453; x_wconf 89' lang='grc'><strong><em>98</em></strong></span> 
     </span>
     <span class='ocr_line' id='line_1_22' title="bbox 109 2489 1122 2582; baseline -0.004 -22"><span class='ocrx_word' id='word_1_174' title='bbox 109 2494 178 2577; x_wconf 85' lang='grc' dir='ltr'><strong><em>ὅτι,</em></strong></span> <span class='ocrx_word' id='word_1_175' title='bbox 212 2492 271 2560; x_wconf 81' lang='grc' dir='ltr'><strong><em>ἐὰν</em></strong></span> <span class='ocrx_word' id='word_1_176' title='bbox 297 2502 343 2582; x_wconf 78' lang='grc' dir='ltr'><strong><em>τῷ</em></strong></span> <span class='ocrx_word' id='word_1_177' title='bbox 375 2500 446 2582; x_wconf 76' lang='grc' dir='ltr'><strong><em>θεῷ</em></strong></span> <span class='ocrx_word' id='word_1_178' title='bbox 473 2492 722 2580; x_wconf 83' lang='grc' dir='ltr'><strong><em>προσκατατάξῃ</em></strong></span> <span class='ocrx_word' id='word_1_179' title='bbox 751 2489 887 2574; x_wconf 82' lang='grc' dir='ltr'><strong><em>ἑαυτόν,</em></strong></span> <span class='ocrx_word' id='word_1_180' title='bbox 919 2492 1122 2557; x_wconf 83' lang='grc' dir='ltr'><strong><em>διελεύσεται</em></strong></span> 
     </span>
     <span class='ocr_line' id='line_1_23' title="bbox 109 2598 274 2684; baseline 0 -20"><span class='ocrx_word' id='word_1_181' title='bbox 109 2598 274 2684; x_wconf 84' lang='grc' dir='ltr'><strong><em>ἀσφαλῶς.</em></strong></span> 
     </span>
    </p>

    <p class='ocr_par' dir='ltr' id='par_1_6' title="bbox 108 2701 1173 2898">
     <span class='ocr_line' id='line_1_24' title="bbox 176 2701 1173 2791; baseline 0.001 -20"><span class='ocrx_word' id='word_1_182' title='bbox 176 2710 257 2784; x_wconf 86' lang='grc' dir='ltr'><strong><em>Πῶς</em></strong></span> <span class='ocrx_word' id='word_1_183' title='bbox 279 2703 386 2789; x_wconf 77' lang='grc' dir='ltr'><strong><em>λέγεις</em></strong></span> <span class='ocrx_word' id='word_1_184' title='bbox 411 2704 687 2791; x_wconf 84' lang='grc' dir='ltr'><strong><em>προσαατατάξαι;</em></strong></span> <span class='ocrx_word' id='word_1_185' title='bbox 716 2742 754 2752; x_wconf 90' lang='grc'><strong>-</strong></span> <span class='ocrx_word' id='word_1_186' title='bbox 775 2701 851 2787; x_wconf 76' lang='grc' dir='ltr'><strong><em>”Ιν’,</em></strong></span> <span class='ocrx_word' id='word_1_187' title='bbox 879 2703 897 2768; x_wconf 88' lang='grc' dir='ltr'><strong><em>δ</em></strong></span> <span class='ocrx_word' id='word_1_188' title='bbox 926 2702 968 2769; x_wconf 92' lang='grc' dir='ltr'><strong><em>ἀν</em></strong></span> <span class='ocrx_word' id='word_1_189' title='bbox 997 2703 1122 2782; x_wconf 81' lang='grc' dir='ltr'><strong><em>ἐκεῖνος</em></strong></span> <span class='ocrx_word' id='word_1_190' title='bbox 1140 2721 1173 2772; x_wconf 93' lang='grc'><strong><em>99</em></strong></span> 
     </span>
     <span class='ocr_line' id='line_1_25' title="bbox 108 2807 1122 2898; baseline 0 -21"><span class='ocrx_word' id='word_1_191' title='bbox 108 2810 206 2898; x_wconf 89' lang='grc' dir='ltr'><strong><em>θέλῃ,</em></strong></span> <span class='ocrx_word' id='word_1_192' title='bbox 225 2809 280 2877; x_wconf 82' lang='grc' dir='ltr'><strong><em>καὶ</em></strong></span> <span class='ocrx_word' id='word_1_193' title='bbox 299 2812 398 2888; x_wconf 84' lang='grc' dir='ltr'><strong><em>αὐτὸς</em></strong></span> <span class='ocrx_word' id='word_1_194' title='bbox 416 2810 501 2897; x_wconf 89' lang='grc' dir='ltr'><strong><em>θέλῃ</em></strong></span> <span class='ocrx_word' id='word_1_195' title='bbox 519 2815 585 2894; x_wconf 90' lang='grc' dir='ltr'><strong><em>καί,</em></strong></span> <span class='ocrx_word' id='word_1_196' title='bbox 606 2810 623 2876; x_wconf 87' lang='grc' dir='ltr'><strong>ὃ</strong></span> <span class='ocrx_word' id='word_1_197' title='bbox 642 2810 685 2876; x_wconf 86' lang='grc' dir='ltr'><strong><em>ἀν</em></strong></span> <span class='ocrx_word' id='word_1_198' title='bbox 704 2810 829 2887; x_wconf 82' lang='grc' dir='ltr'><strong><em>ἐκεῖνος</em></strong></span> <span class='ocrx_word' id='word_1_199' title='bbox 847 2811 891 2893; x_wconf 76' lang='grc' dir='ltr'><strong><em>μὴ</em></strong></span> <span class='ocrx_word' id='word_1_200' title='bbox 910 2807 1007 2896; x_wconf 90' lang='grc' dir='ltr'><strong><em>θέλῃ,</em></strong></span> <span class='ocrx_word' id='word_1_201' title='bbox 1022 2821 1122 2877; x_wconf 84' lang='grc' dir='ltr'><strong><em>τοῦτο</em></strong></span> 
     </span>
    </p>

    <p class='ocr_par' dir='ltr' id='par_1_7' title="bbox 68 2911 1175 3110">
     <span class='ocr_line' id='line_1_26' title="bbox 68 2911 1175 3003; baseline -0.004 -18"><span class='ocrx_word' id='word_1_202' title='bbox 68 2947 95 2986; x_wconf 83' lang='grc' dir='ltr'><strong><em>εε</em></strong></span> <span class='ocrx_word' id='word_1_203' title='bbox 109 2914 186 3001; x_wconf 85' lang='grc' dir='ltr'><strong><em>μηδ’</em></strong></span> <span class='ocrx_word' id='word_1_204' title='bbox 215 2916 313 2994; x_wconf 86' lang='grc' dir='ltr'><strong><em>αὐτὸς</em></strong></span> <span class='ocrx_word' id='word_1_205' title='bbox 334 2915 428 3003; x_wconf 82' lang='grc' dir='ltr'><strong><em>θέλῃ.</em></strong></span> <span class='ocrx_word' id='word_1_206' title='bbox 447 2953 490 2963; x_wconf 90' lang='grc'>-</span> <span class='ocrx_word' id='word_1_207' title='bbox 509 2922 590 2994; x_wconf 87' lang='grc' dir='ltr'><strong><em>Πῶς</em></strong></span> <span class='ocrx_word' id='word_1_208' title='bbox 612 2911 675 2982; x_wconf 86' lang='grc' dir='ltr'><strong><em>οὖν</em></strong></span> <span class='ocrx_word' id='word_1_209' title='bbox 697 2926 795 2982; x_wconf 85' lang='grc' dir='ltr'><strong><em>τοῦτο</em></strong></span> <span class='ocrx_word' id='word_1_210' title='bbox 814 2913 961 2999; x_wconf 74' lang='grc' dir='ltr'><strong><em>γένῃταις</em></strong></span> <span class='ocrx_word' id='word_1_211' title='bbox 982 2953 1024 2962; x_wconf 91' lang='grc'><strong>-</strong></span> <span class='ocrx_word' id='word_1_212' title='bbox 1043 2922 1175 2993; x_wconf 82' lang='grc' dir='ltr'><strong><em>Πῶςιοο</em></strong></span> 
     </span>
     <span class='ocr_line' id='line_1_27' title="bbox 110 3020 1123 3110; baseline 0.001 -24"><span class='ocrx_word' id='word_1_213' title='bbox 110 3022 174 3105; x_wconf 78' lang='grc' dir='ltr'><strong><em>γὰρ</em></strong></span> <span class='ocrx_word' id='word_1_214' title='bbox 198 3023 305 3098; x_wconf 84' lang='grc' dir='ltr'><strong><em>ἀλλως</em></strong></span> <span class='ocrx_word' id='word_1_215' title='bbox 332 3023 352 3107; x_wconf 70' lang='grc' dir='ltr'><strong><em>ἢ</em></strong></span> <span class='ocrx_word' id='word_1_216' title='bbox 381 3022 629 3110; x_wconf 79' lang='grc' dir='ltr'><strong><em>ἐπισκεψαμένῳ</em></strong></span> <span class='ocrx_word' id='word_1_217' title='bbox 656 3022 714 3099; x_wconf 88' lang='grc' dir='ltr'><strong><em>τάς</em></strong></span> <span class='ocrx_word' id='word_1_218' title='bbox 743 3022 847 3108; x_wconf 85' lang='grc' dir='ltr'><strong><em>ὁρμάς</em></strong></span> <span class='ocrx_word' id='word_1_219' title='bbox 872 3031 933 3088; x_wconf 89' lang='grc' dir='ltr'><strong><em>τοῦ</em></strong></span> <span class='ocrx_word' id='word_1_220' title='bbox 959 3028 1045 3089; x_wconf 86' lang='grc' dir='ltr'><strong><em>θεοῦ</em></strong></span> <span class='ocrx_word' id='word_1_221' title='bbox 1067 3020 1123 3088; x_wconf 81' lang='grc' dir='ltr'><strong><em>καὶ</em></strong></span> 
     </span>
    </p>
   </div>
   <div class='ocr_carea' id='block_1_3' title="bbox 108 3282 1123 3496">
    <p class='ocr_par' dir='ltr' id='par_1_8' title="bbox 108 3282 1123 3496">
     <span class='ocr_line' id='line_1_28' title="bbox 181 3282 1123 3355; baseline 0 -15"><span class='ocrx_word' id='word_1_222' title='bbox 181 3287 316 3355; x_wconf 83' lang='grc' dir='ltr'><strong><em>3ταμίου</em></strong></span> <span class='ocrx_word' id='word_1_223' title='bbox 335 3285 358 3340; x_wconf 77' lang='lat' dir='ltr'><em>S</em></span> <span class='ocrx_word' id='word_1_224' title='bbox 374 3287 399 3353; x_wconf 88' lang='grc' dir='ltr'><strong><em>(ί</em></strong></span> <span class='ocrx_word' id='word_1_225' title='bbox 414 3303 432 3340; x_wconf 87' lang='grc' dir='ltr'><strong><em>α</em></strong></span> <span class='ocrx_word' id='word_1_226' title='bbox 450 3284 479 3345; x_wconf 66' lang='lat'><strong><em>80</em></strong></span> <span class='ocrx_word' id='word_1_227' title='bbox 496 3287 528 3340; x_wconf 79' lang='lat' dir='ltr'><strong><em>in</em></strong></span> <span class='ocrx_word' id='word_1_228' title='bbox 550 3286 617 3354; x_wconf 80' lang='grc' dir='ltr'><strong><em>ταε.)</em></strong></span> <span class='ocrx_word' id='word_1_229' title='bbox 657 3286 667 3352; x_wconf 71' lang='lat' dir='ltr'>ss</span> <span class='ocrx_word' id='word_1_230' title='bbox 708 3290 724 3338; x_wconf 80' lang='lat'>5</span> <span class='ocrx_word' id='word_1_231' title='bbox 748 3282 934 3354; x_wconf 67' lang='grc' dir='ltr'><strong><em>λῃιστήριαδ</em></strong></span> <span class='ocrx_word' id='word_1_232' title='bbox 959 3285 1016 3354; x_wconf 80' lang='lat' dir='ltr'><strong>(sed</strong></span> <span class='ocrx_word' id='word_1_233' title='bbox 1038 3304 1068 3353; x_wconf 86' lang='grc' dir='ltr'><strong><em>ῃι</em></strong></span> <span class='ocrx_word' id='word_1_234' title='bbox 1090 3288 1123 3340; x_wconf 78' lang='lat' dir='ltr'><strong><em>in</em></strong></span> 
     </span>
     <span class='ocr_line' id='line_1_29' title="bbox 108 3354 1121 3448; baseline -0.001 -36"><span class='ocrx_word' id='word_1_235' title='bbox 108 3373 162 3446; x_wconf 58' lang='grc' dir='ltr'><strong><em>ῃαε.</em></strong></span> <span class='ocrx_word' id='word_1_236' title='bbox 184 3374 202 3411; x_wconf 87' lang='grc' dir='ltr'><strong><em>α</em></strong></span> <span class='ocrx_word' id='word_1_237' title='bbox 220 3356 253 3418; x_wconf 61' lang='grc' dir='ltr'><strong><em>δι</em></strong></span> <span class='ocrx_word' id='word_1_238' title='bbox 290 3359 300 3424; x_wconf 80' lang='grc' dir='ltr'><strong><em>ΙΙ</em></strong></span> <span class='ocrx_word' id='word_1_239' title='bbox 341 3361 374 3409; x_wconf 87' lang='grc'><strong><em>13</em></strong></span> <span class='ocrx_word' id='word_1_240' title='bbox 394 3355 528 3448; x_wconf 84' lang='grc' dir='ltr'><strong><em>λαμπρός,</em></strong></span> <span class='ocrx_word' id='word_1_241' title='bbox 545 3354 620 3410; x_wconf 89' lang='grc' dir='ltr'><strong><em>πόσα</em></strong></span> <span class='ocrx_word' id='word_1_242' title='bbox 638 3357 750 3424; x_wconf 71' lang='lat' dir='ltr'><strong><em>scripsi.-</em></strong></span> <span class='ocrx_word' id='word_1_243' title='bbox 768 3355 912 3440; x_wconf 72' lang='grc' dir='ltr'><strong><em>λαμπρδςοι</em></strong></span> <span class='ocrx_word' id='word_1_244' title='bbox 932 3356 954 3410; x_wconf 84' lang='lat' dir='ltr'><strong><em>S</em></strong></span> <span class='ocrx_word' id='word_1_245' title='bbox 959 3377 971 3423; x_wconf 88' lang='lat'><strong><em>,·</em></strong></span> <span class='ocrx_word' id='word_1_246' title='bbox 988 3354 1121 3441; x_wconf 77' lang='grc' dir='ltr'><strong><em>λαμπρός,</em></strong></span> 
     </span>
     <span class='ocr_line' id='line_1_30' title="bbox 109 3425 1123 3496; baseline 0.002 -16"><span class='ocrx_word' id='word_1_247' title='bbox 109 3447 127 3480; x_wconf 88' lang='grc' dir='ltr'><strong><em>α</em></strong></span> <span class='ocrx_word' id='word_1_248' title='bbox 146 3427 178 3487; x_wconf 69' lang='grc' dir='ltr'><strong><em>δι</em></strong></span> <span class='ocrx_word' id='word_1_249' title='bbox 206 3431 217 3496; x_wconf 72' lang='lat' dir='ltr'>ss</span> <span class='ocrx_word' id='word_1_250' title='bbox 245 3432 278 3480; x_wconf 80' lang='lat'><strong><em>15</em></strong></span> <span class='ocrx_word' id='word_1_251' title='bbox 291 3428 373 3482; x_wconf 78' lang='lat' dir='ltr'><strong><em>verba</em></strong></span> <span class='ocrx_word' id='word_1_252' title='bbox 385 3427 436 3482; x_wconf 83' lang='grc' dir='ltr'><strong><em>καλ</em></strong></span> <span class='ocrx_word' id='word_1_253' title='bbox 454 3446 535 3489; x_wconf 83' lang='grc' dir='ltr'><strong><em>ουτος</em></strong></span> <span class='ocrx_word' id='word_1_254' title='bbox 551 3425 659 3495; x_wconf 81' lang='grc' dir='ltr'><strong><em>θνητός</em></strong></span> <span class='ocrx_word' id='word_1_255' title='bbox 676 3427 727 3481; x_wconf 80' lang='grc' dir='ltr'><strong><em>δελ.</em></strong></span> <span class='ocrx_word' id='word_1_256' title='bbox 742 3443 770 3494; x_wconf 79' lang='grc'><strong><em>9,·</em></strong></span> <span class='ocrx_word' id='word_1_257' title='bbox 788 3443 844 3480; x_wconf 76' lang='lat' dir='ltr'><strong><em>nm</em></strong></span> <span class='ocrx_word' id='word_1_258' title='bbox 862 3433 932 3491; x_wconf 70' lang='lat' dir='ltr'><strong><em>tone</em></strong></span> <span class='ocrx_word' id='word_1_259' title='bbox 950 3429 1123 3482; x_wconf 79' lang='grc' dir='ltr'><strong><em>εοιιδικιλκοι</em></strong></span> 
     </span>
    </p>
   </div>
   <div class='ocr_carea' id='block_1_4' title="bbox 108 3491 1122 3630">
    <p class='ocr_par' dir='ltr' id='par_1_9' title="bbox 108 3491 1122 3630">
     <span class='ocr_line' id='line_1_31' title="bbox 108 3491 1122 3630; baseline 0 -78"><span class='ocrx_word' id='word_1_260' title='bbox 108 3495 241 3630; x_wconf 52' lang='grc' dir='ltr'><strong><em>ῃὲῃφμκὲι,</em></strong></span> <span class='ocrx_word' id='word_1_261' title='bbox 261 3496 342 3570; x_wconf 77' lang='grc' dir='ltr'><strong><em>(μὴ)</em></strong></span> <span class='ocrx_word' id='word_1_262' title='bbox 361 3498 411 3552; x_wconf 83' lang='grc' dir='ltr'><strong><em>καλ</em></strong></span> <span class='ocrx_word' id='word_1_263' title='bbox 429 3492 510 3560; x_wconf 77' lang='grc' dir='ltr'><strong><em>οὗτος</em></strong></span> <span class='ocrx_word' id='word_1_264' title='bbox 526 3498 633 3567; x_wconf 83' lang='grc' dir='ltr'><strong><em>θνητός</em></strong></span> <span class='ocrx_word' id='word_1_265' title='bbox 648 3492 735 3565; x_wconf 77' lang='grc' dir='ltr'><strong><em>ἕστινς</em></strong></span> <span class='ocrx_word' id='word_1_266' title='bbox 754 3496 803 3550; x_wconf 81' lang='grc' dir='ltr'><strong><em>καλ</em></strong></span> <span class='ocrx_word' id='word_1_267' title='bbox 822 3491 902 3559; x_wconf 75' lang='grc' dir='ltr'><strong><em>οὗτος</em></strong></span> <span class='ocrx_word' id='word_1_268' title='bbox 920 3496 1034 3567; x_wconf 86' lang='grc' dir='ltr'><strong><em>θνητός.</em></strong></span> <span class='ocrx_word' id='word_1_269' title='bbox 1055 3499 1065 3567; x_wconf 86' lang='grc' dir='ltr'><strong><em>ΙΙ</em></strong></span> <span class='ocrx_word' id='word_1_270' title='bbox 1088 3505 1122 3552; x_wconf 79' lang='lat'><strong><em>20</em></strong></span> 
     </span>
     <span class='ocr_line' id='line_1_32' title="bbox 228 3597 239 3629; baseline 0 0"><span class='ocrx_word' id='word_1_271' title='bbox 228 3597 239 3629; x_wconf 86' lang='grc' dir='ltr'><strong><em>ι</em></strong></span> 
     </span>
    </p>
   </div>
   <div class='ocr_carea' id='block_1_5' title="bbox 0 0 1318 3924">
    <p class='ocr_par' dir='ltr' id='par_1_10' title="bbox 0 0 1318 3924">
     <span class='ocr_line' id='line_1_33' title="bbox 0 0 1318 3924; baseline 0 0"><span class='ocrx_word' id='word_1_272' title='bbox 0 0 1318 3924; x_wconf 95' lang='lat' dir='ltr'><strong><em> </em></strong></span> 
     </span>
    </p>
   </div>
  </div>
 </body>
</html>
