2636 3922
120 201 195 258 (111,
212 201 302 253 ιε-εο)
413 194 566 246 BIBAION
582 194 786 247 ΔΕΤΤΕΡΟΝ.
810 197 851 249 α’.
1072 195 1136 260 105

118 356 352 438 βουλόμεθα
385 353 600 438 διεξάγειν;
634 391 676 402 -
712 353 832 421 Οὐδέν.
865 393 916 404 —1
940 353 1062 440 Λέγετε
1094 357 1137 440 δη

118 483 189 544 μοι,
211 455 239 525 ὦ
263 461 451 545 άνθρωποι,
472 462 639 545 βούλεσθε
660 464 717 546 ζῆν
736 461 993 549 άμαρτάνοντεςς
1021 501 1059 512 -
1086 463 1138 528 Ού

119 568 325 650 βουλόμεθα.
355 603 392 616 -
430 565 550 644 Οὐδείς
580 570 697 634 τοίνυν
729 567 928 655 ἁμαρτάνων
960 568 1138 656 ἐλεύθερός

118 670 199 738 ἐστι.
224 709 267 718 -
290 674 463 739 Βούλεσθε
492 675 549 757 ζῆν
575 676 798 760 φοβούμενοι,
824 676 990 759 βούλεσθε
1013 678 1136 742 λυπού·
1155 693 1190 742 24

92 801 233 863 εμενοι,
262 779 428 862 βούλεσθε
454 783 711 864 ταρασσόμενοις
739 817 782 828 -
806 781 979 866 Οὐδαμῶς.
1005 819 1042 828 —-
1070 782 1137 848 Οὐ-

121 883 191 960 δεὶς
219 886 285 969 ἄρα
312 885 388 952 ούτε
415 886 626 971 φοβούμενος
652 886 730 952 ούτε
753 889 960 972 λυπούμενος
983 887 1060 953 ούτε
1082 910 1137 952 τα-

121 994 329 1076 ρασσόμενος
366 991 543 1077 ἐλεύθερός
583 989 693 1076 ἐστιν,
734 991 825 1070 ὅστις
861 989 892 1058 δ’
933 991 1137 1077 ἀπήλλακται

120 1102 238 1164 λυπῶν
260 1094 317 1162 καί
346 1099 464 1182 φόβον
486 1095 542 1162 καὶ
564 1109 732 1184 ταραχῶν,
762 1093 859 1176 οὗτος
887 1106 927 1184 τῇ
957 1099 1040 1184 αὐτῇ
1069 1099 1136 1188 ὁδῷ

119 1201 177 1268 καὶ
199 1211 261 1268 τοῦ
284 1203 458 1268 δουλεύειν
477 1201 690 1287 ἀπήλλακται.
710 1221 712 1226 ’
735 1214 805 1281 πῶς
827 1198 890 1270 οὖν
913 1206 961 1270 ἔτι
979 1205 1061 1291 ὑμῖν
1082 1226 1136 1271 πι-
1155 1222 1189 1272 25

80 1336 107 1376 ιο
122 1310 321 1392 σπεύσομεν,
354 1305 379 1374 ὦ
412 1312 565 1394 φίλτατοι
596 1308 793 1394 νομοθέταις
828 1310 891 1376 ούκ
922 1309 1138 1398 ἐπιτρέπομεν

120 1416 354 1499 παιδεύεσθαι,
377 1417 409 1480 εί
429 1416 474 1500 μη
497 1425 567 1492 τοῖς
587 1414 791 1503 έλευθέροιςς
815 1418 851 1483 οί
869 1421 1050 1502 φιλόσοφοι
1073 1419 1137 1504 γάρ

120 1520 280 1605 λέγουσιν
308 1521 359 1586 ὅτι
387 1521 449 1588 ούκ
476 1519 692 1607 ἐπιτρέπομεν
719 1521 910 1610 ἐλευθέροις
932 1518 1017 1589 εἶναι
1041 1527 1072 1590 εί
1092 1527 1137 1609 μὴ

120 1639 191 1704 τοῖς
212 1624 501 1712 πεπαιδευμένοις·
529 1629 629 1693 τοῦτο’
657 1625 747 1693 ἐστιν
775 1627 793 1693 ὁ
820 1631 901 1705 θεὸς
928 1629 990 1695 ούκ
1013 1628 1138 1716 έπιτρέ-
1244 1683 1247 1690 .

119 1756 185 1800 πει
203 1771 241 1780 -
259 1731 361 1798 Ὅταν
379 1727 443 1798 οὖν
462 1731 586 1820 στρέψη
604 1756 654 1810 τις
675 1731 730 1798 ἐπὶ
754 1743 938 1820 στρατηγοῦ
955 1738 1015 1802 τὸν
1034 1737 1137 1802 αὑτοῦ
1156 1753 1190 1802 26

78 1868 105 1908 15
121 1841 265 1922 δοῦλον,
301 1835 403 1905 οὐδὲν
435 1838 603 1925 ἐποίησενς
642 1875 684 1886 -
722 1837 884 1923 Ἐποίησε.
920 1875 965 1888 -
1006 1845 1058 1918 Τίς
1096 1878 1138 1890 -

113 1944 275 2031 Ἔστρεψε
303 1947 362 2012 τὸν
390 1944 495 2010 αὑτοῦ
522 1945 647 2010 δοῦλον
676 1942 729 2011 έπὶ
760 1953 955 2032 στρατηγοῦ.
981 1983 1019 1996 —-
1037 1945 1137 2014 ’Άλλο

9 2041 12 2066 ’
121 2051 241 2129 ούδέν;
260 2089 303 2100 -
323 2055 404 2117 Ναί·
428 2049 483 2117 καὶ
502 2053 654 2135 εἰκοστὴν
673 2052 778 2118 αὐτοῦ
800 2052 920 2119 δοῦναι
942 2054 1078 2139 ὀφείλει.
1096 2092 1134 2103 -

125 2162 169 2224 Τί
194 2152 272 2236 οὖας
304 2157 322 2223 ὁ
349 2165 453 2224 ταῦτα
479 2158 600 2223 παθὼν
630 2157 671 2224 ού
703 2156 841 2242 γέγονεν
869 2157 1060 2246 έλεύθερος;
1095 2197 1137 2208 -
1157 2175 1190 2224 2⁷

122 2264 175 2332 Ού
198 2268 327 2349 μᾶλλον
354 2263 375 2350 ἦ
403 2262 573 2348 άτάραχος.
618 2261 689 2329 ἐπεὶ
716 2267 758 2330 σὺ
787 2265 806 2331 δ
833 2265 955 2342 ἄλλους
983 2265 1137 2352 στρέφειν
1155 2280 1190 2330 28

79 2402 107 2441 το
121 2370 311 2456 δυνάμενος
342 2367 465 2434 ούδένα
497 2369 583 2452 ἔχεις
617 2368 750 2453 κύριον;
788 2367 850 2433 οὐκ
881 2366 1060 2455 ἀργύριον,
1096 2370 1138 2435 ού

120 2478 300 2563 κοράσιον,
328 2476 369 2543 οὐ
390 2473 586 2560 παιδάριον,
613 2473 654 2540 ού
681 2476 740 2539 τὸν
762 2474 944 2558 τύραννον,
973 2472 1014 2539 οὐ
1037 2477 1139 2559 φίλον

120 2586 198 2651 τινά
220 2593 282 2650 τοῦ
303 2581 487 2668 τυράννους
515 2582 551 2646 τί
570 2575 634 2646 οὖν
656 2576 785 2665 τρέμεις
807 2577 864 2644 έπί
883 2602 959 2645 τινα
980 2580 1138 2664 τοιαύτην

121 2691 232 2758 ἀπιὼν
254 2693 465 2776 περίστασινς

190 2796 260 2860 Διά
291 2803 389 2861 τοῦτο
426 2790 510 2876 λέγω
546 2792 717 2870 πολλάκις·
756 2801 858 2857 ταῦτα
897 2796 1051 2876 μελετᾶτε
1081 2793 1137 2860 καὶ
1155 2811 1189 2860 29

81 2931 107 2972 τε
121 2912 226 2969 ταῦτα
248 2904 407 2988 πρόχειρα
430 2901 530 2984 ἔχετε,
551 2900 635 2984 πρὸς
652 2905 727 2963 τίνα
745 2899 800 2962 δεί
818 2896 1059 2984 τεθαρρηκέναι
1082 2899 1137 2966 καὶ

122 3011 206 3096 πρὸς
223 3013 299 3074 τίνα
316 3007 465 3091 εὐλαβῶς
483 3005 673 3072 διακεῖσθαι
700 3003 751 3070 ὅτι
771 3006 854 3090 πρὸς
876 3005 916 3070 τά
938 3003 1138 3092 άπροαίρετα

108 3121 279 3202 θαρρεῖν,
301 3112 517 3197 εὐλαβεῖσθαι
535 3111 575 3176 τά
597 3110 819 3196 προαιρετικά.
837 3147 874 3157 -
888 3107 972 3176 Ἀλλ’
996 3111 1057 3176 ούκ
1080 3110 1138 3177 άν-
1156 3128 1192 3178 30

123 3218 233 3304 έγνων
248 3236 317 3297 σοις
332 3216 406 3285 οὐδ’
419 3220 523 3302 ἔγνως
535 3220 570 3282 τί
581 3227 681 3296 ποιῶς
694 3213 797 3282 -Ἐν
809 3220 890 3295 τίνι;
906 3215 943 3281 ἐν
956 3216 1138 3296 λεξειδίοις.

195 3410 344 3551 θδῖιξύςῧ
372 3483 382 3551 η
415 3486 447 3534 13
467 3474 525 3534 ἔστι
544 3475 558 3533 ὃ
577 3479 610 3534 S:
633 3495 702 3534 corr.
727 3479 808 3546 Wolf
833 3479 844 3546 ΙΙ
876 3482 909 3532 14
927 3478 969 3547 (et
989 3479 1032 3547 16)
1051 3479 1137 3532 αὐτοῦ

123 3555 155 3611 S:
174 3570 244 3610 corr.
266 3551 365 3608 Ooraes
