2636 3922
125 181 153 237 (ι,
168 186 201 238 εο,
215 179 305 231 ιε-ιο)
420 171 572 225 BIBAION
591 171 749 224 ΠΡΩΤΟΝ.
773 170 835 226 ιθ’.
1092 171 1134 235 97

122 331 198 418 περὶ
222 329 436 417 συνημμένου
459 334 550 408 τινὸς
577 332 772 417 έπικεκρίκει
798 330 854 399 καὶ
877 332 1033 399 ἐδεδώκει
1055 333 1137 400 ἀπό-

123 456 250 525 φανσιν
273 439 322 504 ’τὸ
345 442 381 504 εί
401 438 526 525 ἡμέρα
549 437 649 522 ἐστί,
671 450 752 524 φῶς
771 439 869 523 ἐστι,
891 444 995 525 κρίνω
1013 440 1138 518 ψεῦδος

123 541 234 630 είναι,’
253 550 288 611 τί
303 545 450 628 ἐγεγόνει
468 553 514 632 τῷ
529 543 744 632 συνημμένης
767 549 818 622 τίς
835 544 959 611 ἐνθάδε
977 548 1137 632 κρίνεται,

122 657 173 729 τίς
194 649 437 737 κατακέκριται;
460 653 499 716 τὸ
522 648 736 734 συνημμένον
752 649 773 734 ἢ
792 652 811 718 6
829 649 1046 735 ἐξαπατηθεὶς
1062 651 1137 735 περὶ

96 759 245 838 ταύτοῢς
270 753 367 834 οὗτος
390 751 452 822 οὖν
469 758 524 833 τίς
545 777 624 822 ποτε
649 757 667 824 6
691 759 776 842 ἔχων
798 755 952 835 ἐξουσίαν
975 767 1035 825 τοῦ
1057 758 1139 825 ἀπο·
1157 775 1191 823 5ο

124 866 303 950 φήνασθαί
321 887 353 929 τι
375 862 452 950 περὶ
475 872 551 942 σοῦ;
579 858 671 929 οἶδεν
694 868 730 928 τί
749 862 819 929 ἐστι
840 865 878 929 τὸ
902 861 1035 948 εὐσεβὲς
1057 864 1077 948 ἣ
1100 867 1138 930 τὸ

124 969 255 1055 ἀσεβές;
276 967 492 1055 μεμελέτηκεν
510 968 607 1046 αύτός
627 968 834 1053 μεμάθηκεν;
853 978 935 1049 ποῦς
953 970 1042 1053 παρὰ
1057 973 1139 1047 τίνι;

125 1071 196 1142 εἶτα
219 1078 378 1161 μουσικὸς
405 1070 466 1159 μὲν
489 1074 551 1141 ούιι
578 1071 809 1158 ἐπιστρέφεται
831 1074 935 1142 αὐτοῦ
957 1075 1141 1161 ἀποφαινο-
1159 1092 1193 1141 53

125 1181 231 1267 μένου
259 1181 336 1269 περὶ
362 1190 419 1266 τῆς
446 1182 547 1264 νύτης
574 1177 626 1246 ὅτι
656 1179 747 1246 ἐστὶν
773 1181 880 1267 ὑπάτη
909 1177 989 1247 οὐδὲ
1018 1204 1140 1266 γεωμε-

86 1312 112 1351 ιο
127 1291 251 1372 τρικός,
274 1287 316 1353 ἀν
337 1287 489 1372 ἐπικρίνη
511 1286 570 1362 τάς
591 1283 656 1352 ἀπὸ
676 1283 817 1371 κέντρου
834 1289 918 1374 πρὸς
940 1289 999 1352 τὸν
1016 1288 1141 1354 κύκλον

124 1395 398 1480 προσπιπτούσης
420 1394 465 1478 μὴ
488 1386 575 1457 εἶναι
599 1398 684 1469 ίσας·
708 1392 727 1458 6
750 1389 788 1458 δὲ
806 1405 878 1470 ταῖς
895 1393 1067 1477 ἀληθείαις
1083 1415 1141 1460 πε-
1160 1409 1194 1458 54

125 1498 347 1584 ταιδευμένος
361 1498 545 1583 ἀνθρώπου
559 1498 762 1564 ἀπαιδεύτου
779 1498 1058 1584 έπιστραφησεται
1072 1497 1143 1564 ἐπι-

126 1608 302 1692 κρίνοντός
328 1627 361 1670 τι
388 1607 464 1691 περὶ
491 1604 587 1670 ὁσίου
614 1602 670 1669 καὶ
698 1602 837 1671 ἀνοσίου
863 1603 919 1670 καὶ
946 1604 1065 1671 ἀδίκου
1088 1603 1144 1671 καὶ

129 1714 276 1790 δικαίους
302 1706 327 1775 ὦ
346 1715 470 1794 πολλῆς
488 1708 617 1788 ἀδικίας
634 1720 702 1774 τῶν
718 1710 1001 1795 πεπαιδευμένων.
1042 1720 1144 1776 ταῦτα

86 1838 114 1880 ιι
130 1812 193 1884 οὖν
216 1820 339 1901 ἔμαθες
363 1815 525 1900 ένταῦθας

198 1923 249 1988 Ού
271 1920 384 2000 θέλεις
410 1921 450 1986 τά
474 1917 535 2006 μέν
558 1921 698 2008 λογάρια
719 1921 759 1986 τά
781 1919 858 2008 περὶ
880 1923 1009 1989 τούτων
1030 1924 1145 2000 ἀλλοις
1163 1939 1196 1988 55

129 2028 280 2116 ἀφεῖναι,
316 2029 558 2114 ἀταλαιπώρως
590 2027 855 2113 ἀνθρωπαρίοις,
890 2026 936 2095 ἵν’
970 2028 1008 2095 έν
1040 2033 1146 2117 γωνία

110 2137 347 2223 ικαθεζόμενοι
375 2134 539 2220 μισθάρια
561 2134 776 2219 λαμβάνωσιν
802 2134 824 2219 ἣ
851 2136 1071 2220 γογγύζωσιν,
1094 2135 1146 2200 δτι

131 2239 245 2318 οὐδεὶς
263 2241 376 2318 αὐτοῖς
393 2238 529 2326 παρέχει
548 2237 661 2323 οὐδέν,
684 2243 726 2305 σὺ
746 2237 783 2305 δὲ
801 2247 949 2327 χρῆσθαι
966 2241 1147 2324 παρελθὼν

87 2371 117 2412 ιο
131 2339 182 2426 οἷς
212 2350 348 2432 έμαθες;
382 2346 423 2412 οὐ
454 2347 518 2433 γὰρ
550 2345 690 2432 λογάριά
721 2346 789 2412 ἐστι
817 2348 858 2412 τὰ
885 2350 1040 2412 λείποντα
1069 2356 1145 2429 νῦν,
1165 2365 1198 2412 55

131 2453 217 2520 ἀλλά
239 2451 332 2539 γέμει
349 2453 390 2518 τὰ
407 2456 521 2537 βιβλία
543 2462 610 2518 τῶν
633 2456 794 2518 Στωϊκῶν
814 2456 990 2539 λογαρίων.
1034 2455 1070 2516 τί
1085 2447 1147 2517 οὖν

131 2561 170 2626 τὸ
193 2562 310 2625 λεῑπόν
339 2559 443 2638 έστιν;
473 2557 492 2623 6
519 2560 739 2645 χρησόμενος,
766 2557 785 2623 6
812 2560 899 2648 ἔργιμ
927 2560 1147 2643 μαρτυρήσων

131 2676 203 2743 τοῖς
229 2669 350 2749 λόγοις.
403 2667 503 2731 τοῦτό
534 2687 591 2750 μοι
622 2667 660 2730 τὸ
692 2667 872 2751 πρόσωπον
905 2662 1061 2748 ἀνάλαβε,
1092 2665 1149 2730 ἵνα
1168 2680 1201 2728 57

132 2769 249 2856 μηκέτι
275 2774 428 2848 παλαιοῖς
454 2769 491 2836 έν
518 2778 557 2855 τῇ
586 2775 688 2855 σχολῇ
715 2771 958 2856 παραδείγμασι
980 2772 1148 2856 χρώμεθα,

89 2899 119 2941 τι
133 2875 219 2941 ἀλλὰ
247 2874 373 2961 ἔχωμέν
399 2899 432 2943 τι
464 2873 521 2941 καὶ
551 2873 629 2942 καθ’
664 2875 749 2961 ἡμᾶς
780 2875 997 2960 παράδειγμα.
1045 2887 1149 2944 ταῦτα
1168 2891 1201 2940 58

133 2977 197 3050 οὖν
224 2985 315 3060 τίνος
341 2980 411 3048 ἐστὶ
437 2989 596 3067 θεωρείυς
624 2992 685 3048 τοῦ
713 2982 938 3066 σχολάζοντος.
989 2985 1058 3048 ἔστι
1084 2983 1148 3068 γάρ

132 3086 349 3175 φιλοθέωρον
374 3110 407 3153 τι
436 3091 521 3176 ζῷον
544 3088 562 3154 6
586 3089 774 3175 ἀνθρωπος.
819 3087 892 3154 ἀλλ’
917 3090 1057 3174 αίσχρόν
1080 3087 1148 3153 ἐστι
1168 3105 1201 3153 59

132 3202 279 3281 θεωρεῖν
300 3205 402 3262 ταῦτα
421 3195 527 3272 οὕτως
548 3194 593 3273 δις
616 3195 651 3260 ολ
674 3193 847 3281 δραπέται·
876 3189 949 3261 ἀλλ’
971 3193 1150 3282 ἀπερισπά-

211 3464 244 3512 18
263 3457 449 3529 γογγρύζωσιν
472 3457 504 3513 S:
531 3471 633 3512 eorm
672 3459 682 3526 ΙΙ
723 3463 755 3511 21
785 3456 856 3511 ἀλλὰ
882 3455 962 3527 γέμει
984 3457 1025 3513 οδ.
1044 3457 1151 3511 Βσείί..·

136 3527 208 3584 ἀλλὰ
227 3526 258 3599 γέ
277 3529 365 3599 μοιθ
392 3532 403 3599 β
434 3535 469 3584 27
487 3548 515 3582 τι
532 3529 646 3598 scripsi:
663 3527 695 3582 τὸ
714 3527 749 3595 8,·
767 3529 818 3584 del.
838 3527 923 3586 Schw.

227 3637 237 3666 1

191 3629 226 3668 Er
238 3637 336 3669 οτιτνι.
977 3622 991 3670 ’ί
