2650 3930
127 193 358 251 (11,11,1³-12‚2)
393 186 546 238 BIBAION
564 184 764 239 ΔΕΊἹῈΡΟΝ.
785 181 836 240 ια’.
857 184 906 256 ιβ.
1079 181 1142 245 13“ί

126 356 199 412 κεῖν
232 342 340 434 μέτρω
372 343 667 433 παραχρωμένους,
704 347 760 411 ἵνα
792 347 910 412 λοιπὸν
941 344 1007 412 ἀπό
1042 326 1144 410 τινων

126 455 308 537 γνωρίμων
330 449 386 518 καὶ
407 451 690 538 διευκρινημένων
708 452 896 538 ὁρμώμενοι
913 453 1071 537 χρώμεθα
1090 450 1145 517 ἐπὶ

126 570 196 625 τῶν
220 556 274 623 ἐπὶ
297 557 419 645 μέρους
442 553 711 644 διηρθρωμέναις
733 570 804 637 ταῖς
826 561 1020 643 προλήψεσι.

200 667 258 740 Τίς
270 660 507 730 ὑποπέπτωκεν
521 663 618 730 οὐσία
631 662 707 748 περὶ
720 658 759 748 ής
777 667 949 749 ζητοῦμευς
961 660 1144 747 -Ἡδονή,
1166 679 1198 728 19

98 794 113 835 5
128 767 306 850 -Ὗπαγε
320 768 424 854 αὐτήν
437 777 483 857 τῷ
501 773 632 853 κανόνι,
649 769 729 854 βάλε
744 771 792 846 είς
804 771 864 836 τὸν
878 772 985 854 ζυγόν.
1013 772 1051 836 τὸ
1065 769 1144 852 ιἰγα-
1164 787 1199 836 20

125 878 196 942 θὸν
214 876 269 941 δεῖ
289 869 375 941 εἶναι
397 882 551 940 τοιοῦτον
573 873 626 962 ἐφ’
647 869 673 964 ᾧ
697 882 840 962 θαρρεῖν
859 873 952 953 ἄξιον
970 874 1026 941 καί
1044 868 1070 963 ᾧ
1089 896 1146 941 πε-

126 980 301 1061 πονθέναι,
318 1018 355 1029 -
377 979 463 1046 Aac?
481 1019 518 1028 -
531 979 692 1072 Ἀβεβαίω
711 976 773 1049 οὖν
791 1006 858 1048 τινι
875 988 1017 1069 θαρρεῖν
1035 980 1143 1060 όίξιονς

127 1108 173 1140 -·-
190 1089 250 1155 Οὔ.
265 1091 383 1173 -Μή
395 1111 429 1153 τι
444 1083 507 1155 οὖν
525 1087 663 1173 βέβαιον
680 1090 701 1174 ή
719 1090 841 1174 ήδονής
858 1127 900 1136 -
916 1089 977 1154 Οὔ.
995 1081 1145 1174 -Ἅρον
1164 1106 1198 1155 21

128 1191 267 1263 οὖνκαὶ
284 1195 365 1279 βόλε
380 1194 442 1274 ἔξω
457 1194 494 1261 ἐκ
509 1205 569 1262 τοῦ
589 1199 690 1280 ζυγοῦ
708 1195 764 1262 καὶ
782 1195 949 1263 ἀπέλασον
963 1204 1020 1279 τῆς
1037 1195 1147 1282 χώρας

87 1326 115 1368 ιο
130 1313 198 1368 τῶν
217 1301 357 1386 ἀγαθῶν
375 1301 513 1389 μακρόν.
547 1304 579 1368 εί
596 1301 627 1368 δ’
649 1303 711 1369 οὐκ
734 1302 944 1388 όξυβλεπτεῑς
960 1299 1016 1368 καί
1035 1301 1072 1367 ἓν
1091 1316 1145 1367 σοι
1164 1320 1199 1367 22

131 1411 232 1492 ζυγὸν
265 1405 327 1475 οὐκ
354 1408 463 1495 ἀρκεῖ,
495 1407 576 1496 φέρε
607 1410 699 1476 ἄλλο.
746 1408 800 1475 ἐπὶ
825 1419 871 1498 τῷ
905 1407 1022 1497 ἀγαθῷ
1051 1406 1146 1487 όξιον

131 1515 341 1602 έπαίρεσθαι;
361 1552 404 1562 -
418 1518 499 1580 Ναί.
517 1551 560 1562 -·
575 1511 647 1600 Ἐφ’
667 1516 773 1600 ήδονῇ
792 1510 855 1581 οὖν
877 1516 1029 1603 παρούσῃ
1052 1514 1146 1592 ἄξιον

131 1621 343 1709 έπαίρεσθαι;
366 1619 466 1704 βλέπε
485 1621 530 1706 μή
549 1626 642 1706 είπής
660 1620 711 1686 ότι
729 1620 836 1700 ἄξιον·
855 1624 887 1687 εί
905 1617 942 1686 δὲ
960 1623 1016 1707 μή,
1036 1617 1147 1686 οὐκέτι

131 1742 168 1794 σε
201 1723 282 1793 οὐδὲ
313 1735 374 1793 τοῦ
406 1729 508 1810 ζυγοῦ
540 1727 634 1805 ἄξιον
660 1727 834 1812 ήγήσομαι.
885 1728 971 1794 οὕτω
1000 1731 1147 1814 κρίνεται
1165 1745 1200 1792 23

86 1855 117 1898 ιε
130 1834 170 1901 τὰ
193 1833 368 1918 πράγματα
390 1831 446 1898 καὶ
467 1834 596 1899 ’ίσταται
618 1844 685 1899 τῶν
703 1835 858 1899 κανόνων
879 1831 1146 1917 ἡτοιμασμένων·

129 1938 186 2006 καὶ
209 1941 247 2006 τὸ
270 1945 469 2025 φιλοσοφεῖν
492 1938 590 2007 τοῦτό
613 1938 716 2024 ἐστιν,
739 1938 993 2006 ἐπισκέπτεσθαι
1015 1936 1070 2006 καὶ
1093 1944 1147 2025 βε·
1165 1956 1201 2004 24

130 2051 254 2131 βαιοῦν
275 2049 355 2124 τοὺς
380 2050 540 2130 κανόνας,
566 2049 604 2113 τὸ
631 2043 662 2113 δ’
689 2047 753 2132 ήδη
776 2054 923 2134 χρῆσθαι
948 2057 1018 2123 τοῖς
1045 2045 1147 2129 έγνω-
1166 2062 1201 2112 25

135 2151 271 2238 σμένοις
293 2161 392 2219 τοῦτο
415 2161 476 2219 τοῦ
497 2157 602 2218 καλοῦ
625 2152 680 2219 καὶ
703 2152 834 2238 ἀγαθοῦ
858 2157 958 2241 ἔργον
982 2152 1081 2219 έστίν.

348 2503 406 2591 ιβ’.
443 2504 543 2592 Περὶ
565 2514 639 2571 τοῦ·
658 2504 926 2589 διαλέγεσθαι.

194 2647 234 2714 “A
260 2645 322 2734 μὲν
350 2649 404 2714 δεῖ
423 2649 575 2732 μαθόντα
602 2645 727 2712 είδέναι
755 2651 902 2733 χρῆσθαι
924 2648 1028 2736 λόγῳ,
1056 2646 1183 2733 ήκρίὲι

90 2776 118 2818 ω
132 2760 237 2840 βωται
258 2754 324 2821 ὑπὸ
347 2765 414 2818 τῶν
436 2750 614 2839 ἡμετέρων.
659 2749 735 2838 περὶ
754 2747 791 2816 δὲ
809 2752 872 2835 τήν
893 2761 1013 2837 χρήσιν
1037 2750 1148 2819 αὐτῶν

132 2864 195 2947 τήν
217 2863 453 2945 προσήκουσαν
475 2857 593 2936 τελέως
615 2857 823 2944 όγόμναστοί
838 2857 947 2943 έσμεν.
988 2861 1047 2938 δὸς
1064 2869 1148 2944 γοῦν
1167 2879 1183 2926 2

134 2962 160 3056 ᾧ
189 2966 301 3045 θέλεις
326 2966 421 3052 ήμῶν
450 2966 587 3050 ἰδιώτην
614 2966 690 3030 τινὰ
721 2966 780 3031 τὸν
812 2967 1148 3051 προσδιαλεγόμενον,

133 3073 189 3140 καὶ
212 3071 272 3160 οὐχ
291 3074 437 3160 εὑρίσκει
454 3075 644 3160 χρήσασθαι
668 3068 768 3160 αὐτῷ,
791 3071 875 3137 ἀλλὰ
894 3073 995 3158 μικρὰ
1012 3075 1150 3156 κινήσας

134 3183 193 3246 τὸν
216 3181 411 3268 ἄνθρωπον,
435 3177 477 3244 δν
499 3178 589 3266 παρὰ
611 3175 710 3264 μέλος
728 3174 857 3264 ἀπαντᾷ
881 3176 1015 3262 έκείνος,
1040 3173 1150 3244 οὐκέτι

93 3304 122 3347 ιι
136 3287 275 3353 δύναται
309 3286 617 3371 μεταχειρίσασθαι,
650 3279 722 3349 ἀλλ’
756 3283 776 3368 ή
805 3285 955 3370 λοιδορεῖ
983 3287 1101 3352 λοιπὸν
1128 3284 1149 3370 ή

211 3485 244 3534 10
263 3471 295 3534 ἐν
313 3477 358 3532 σοι
377 3477 410 3534 S:
428 3493 498 3535 οων.
517 3494 530 3532 ι
556 3479 566 3547 ΙΙ
595 3481 628 3532 19
647 3475 738 3537 δεῖό.
755 3477 788 3532 in
800 3492 902 3532 ναωινα
919 3477 1005 3532 umus
1023 3477 1129 3533 litterae
1143 3477 1151 3548 ή

135 3555 170 3605 24
188 3548 270 3620 μέλος
287 3565 314 3606 8:
332 3545 428 3611 σκέλος
445 3547 468 3604 S
