2626 3924
185 208 266 274 378‘
333 208 516 262 ΑΡΡιΑιιου
534 207 608 261 νων
626 207 843 260 Επαινετου
861 205 1058 258 mmmm

183 365 271 435 εἶναι
298 369 437 452 ήδελεν;
466 369 550 435 ὅπου
577 369 684 453 βλάβη
712 365 767 434 καὶ
796 365 946 454 ὠφέλεια.
993 366 1039 432 ἐλ
1062 365 1110 451 μέ
1131 366 1209 452 τις’,

182 479 278 561 φήσί,
297 474 434 559 ᾟλολιγαι
453 475 605 557 δύναται,
622 473 686 556 ἐγὼ
707 470 808 539 οὐδὲν
826 485 923 540 ποιῶ·
944 475 975 540 ελ
992 475 1096 540 ἄλλον
1111 494 1208 560 περι-

183 581 286 666 μένω,
307 582 363 646 ἵνα
386 603 425 664 με
451 580 620 667 ὠφελήσῃ,
643 579 707 663 ἐγὼ
732 577 833 646 οὐδέν
855 582 931 664 εἰμι.
977 577 1068 645 θέλω
1091 603 1124 645 τι
1146 577 1207 646 καὶ

128 703 165 752 26
184 687 226 754 οὐ
256 691 396 771 γίνεται·
432 685 496 770 ἐγὼ
527 686 649 772 ἀτυχής
680 686 769 770 εἰμι’
822 688 869 763 ελς
897 696 1038 752 τοσοῦτο
1069 685 1206 770 σκάμμα

182 799 394 881 προεκαλεῖτο
413 792 520 858 πάντα
543 792 722 858 ὁντιναοῦν
739 789 796 858 καλ
817 791 878 858 οὐκ
897 793 939 858 ἄν
958 817 1016 876 μοι
1035 793 1129 858 δοκεῖ
1150 791 1205 856 ἐκ·
1229 814 1243 854 ε

184 911 300 986 στήναι
324 900 442 966 οὐδενί
461 901 563 963 -τί
583 900 724 978 δοκεῖτες
751 895 983 982 καταγγέλλων
1010 896 1066 964 καὶ
1093 897 1205 982 λέγων

183 1005 259 1090 ’ἐγὼ
288 1008 439 1083 τοιοῦτός
469 1004 562 1090 εἰμι’;
599 1005 642 1089 μή
673 1002 819 1088 γεύοιτο,
849 1003 934 1070 ἀλλὰ
964 1005 1011 1070 ὢν
1041 1013 1204 1081 τοιοῦτος.

128 1127 165 1176 27
183 1113 284 1179 πάλιν
303 1113 367 1198 γδιρ
385 1120 483 1178 τοῦτο
502 1121 617 1196 μωροῦ
635 1108 691 1176 καὶ
710 1109 868 1190 ἀλαζόνος
887 1109 966 1194 Ἥγδο
982 1109 1116 1194 ἀπαθής
1133 1113 1205 1196 εἰμι

183 1215 239 1282 καλ
269 1217 443 1302 ιἰτιλραχος·
475 1217 520 1301 μή
546 1215 712 1300 ἀγνοεῖτε,
745 1211 771 1280 ὦ
799 1217 991 1302 ἄνθρωποι,
1023 1217 1073 1282 ὅτι
1104 1217 1204 1300 ὑμῶν

182 1320 386 1404 κυκωμένων
412 1319 468 1387 καλ
495 1320 761 1407 θορυβουμένων
788 1319 862 1408 περὶ
890 1323 930 1386 τδι
959 1323 1103 1406 μηδενὸς
1125 1323 1244 1401 ἅξιαιο

129 1443 164 1492 28
183 1430 286 1512 μόνος
313 1426 377 1510 ἐγὼ
411 1427 621 1513 ἀπήλλαγμαι
651 1427 757 1511 πολσής
787 1426 952 1514 ταραχής.’
1004 1429 1111 1506 οὕτως
1139 1430 1205 1496 οὐκ

183 1532 279 1620 ἀρκεῖ
296 1550 349 1623 σοι
366 1536 404 1600 τὸ
423 1530 528 1619 μήδδν
546 1532 672 1618 ἀλγεῖν,
696 1533 738 1598 δν
759 1536 802 1618 μή
822 1534 989 1620 ιιήρύσσής
1008 1533 1203 1602 “’σννε’λῦετε

183 1639 303 1717 πάντες
325 1640 361 1705 ολ
380 1642 624 1727 ποδαγρῶντες,
650 1641 685 1705 ολ
704 1645 999 1725 κεφαλαλγοῦντες,
1024 1641 1059 1708 ολ
1078 1640 1204 1728 πυρέσ-

183 1762 309 1831 σοντες,
332 1747 368 1812 ολ
387 1751 501 1832 χωλοί,
524 1747 560 1813 ολ
580 1749 711 1831 τυφλοί,
738 1744 794 1811 καὶ
817 1744 908 1812 λδετέ
927 1770 966 1831 με
989 1745 1055 1812 ἀπὸ
1077 1751 1204 1826 παντὸς

127 1869 163 1917 29
183 1853 314 1929 πάθους
335 1852 441 1935 ὑγιῦ’;
466 1863 564 1918 τοῦτο
587 1854 686 1918 κενὸν
708 1849 764 1918 καὶ
786 1855 957 1937 φορτικόν,
980 1854 1012 1918 ελ
1032 1854 1078 1936 μή
1100 1877 1133 1918 τι
1155 1855 1202 1932 ὡς
1215 1878 1240 1918 15

183 1956 416 2042 δἈσκλήπιὸς
439 1958 543 2034 εὐθὺς
564 1956 737 2036 ὑποδεῖξαι
759 1960 912 2042 δύνασαι,
942 1969 1011 2034 πῶς
1032 1962 1202 2045 θεραπεύ-

182 2085 276 2139 οντες
294 2062 399 2139 εὐθὺς
418 2065 549 2129 ἔσονται
568 2065 686 2131 ἄνοσοι
704 2063 862 2148 κάκεῖνοι,
883 2063 940 2130 καὶ
960 2069 1007 2140 εἰς
1023 2073 1124 2132 τοῦτο
1141 2066 1202 2152 φέ-

182 2191 252 2254 ρεις
273 2168 480 2254 παράδειγμα
502 2171 564 2254 τήν
585 2170 716 2254 ὑγίειαν
739 2171 800 2255 τήν
824 2180 974 2236 σεαυτοῦ.

125 2292 162 2340 30
254 2278 413 2353 Τοιοῦτος
439 2275 502 2360 γάρ
530 2280 580 2354 τίς
606 2274 697 2342 ἐστιν
724 2277 743 2342 ὁ
766 2279 914 2354 Κυνικὸς
939 2285 1001 2346 τοῦ
1028 2281 1200 2364 σκήπτρου

180 2378 237 2446 καὶ
264 2381 466 2466 διαδήματος
491 2380 674 2468 ήξιωμένος
699 2382 788 2466 παρδι
815 2393 875 2450 τοῦ
899 2385 983 2460 Διὸς
1010 2385 1066 2450 καλ
1089 2383 1199 2469 λέγων
1214 2409 1240 2450 νο

181 2484 237 2553 ’ἵν’
260 2489 363 2572 λ’δήτε,
381 2483 610 2575 ὦᾶνδρωποι,
628 2489 679 2556 δτι
692 2490 754 2574 τήν
768 2489 986 2574 εὐδαιμονίαν
1002 2488 1059 2556 καλΙ
1077 2488 1200 2576 ἀταρα-

125 2612 160 2660 31
181 2592 256 2670 ξίαν
279 2594 339 2680 οὐχ
363 2593 448 2661 ὅπου
471 2593 539 2660 ἐστὶ
564 2599 694 2680 ζητεῖτε,
717 2591 790 2660 ἀλλ’
819 2596 904 2661 ὅπου
926 2598 971 2680 μή
995 2595 1096 2681 ἐστιν,
1119 2598 1198 2664 ἰδοὺ

181 2698 245 2782 ἐγὼ
268 2699 350 2784 ὑμῖν
372 2700 584 2787 παράδειγμα
602 2701 668 2768 ὑπὸ
691 2711 751 2767 τοῦ
774 2709 859 2768 θεοῦ
890 2700 1092 2787 ἀπέσταλμαι
1115 2705 1197 2788 μήτε

180 2815 296 2890 κτήσιν
329 2808 414 2892 ἔχων
446 2811 526 2892 μήτε
558 2802 652 2873 οἶκον
684 2809 765 2892 μήτε
799 2818 942 2892 γυναῖκα
974 2812 1054 2893 μήτε
1086 2806 1198 2893 τέκνα,

179 2911 264 2978 ιἰλλδι
294 2909 371 2996 μηδ’
398 2913 599 3000 ὑπόστρωμα
622 2910 706 2998 μηδὲ
728 2924 851 2999 χιτῶνα
874 2911 958 2998 μηδὲ
981 2924 1113 2994 σκεῦος·
1139 2913 1197 2980 καὶ
1211 2936 1235 2978 ιι

178 3020 282 3112 λδετε,
315 3028 383 3095 πῶς
414 3018 568 3102 ὑγιαίνω·
604 3018 787 3108 πειράθήτέ
811 3043 876 3105 μου
905 3020 967 3086 κᾶν
1000 3022 1091 3105 ῑδήτε
1118 3019 1197 3086 ἄτα·

252 3218 266 3265 1
279 3229 338 3280 sqq.
358 3210 393 3267 of.
412 3211 500 3268 Encb,
514 3219 557 3282 48,
573 3218 598 3270 1.

253 3359 348 3422 4p08t
370 3351 427 3421 εἰμι
449 3353 514 3407 διατι
540 3354 597 3419 fere
619 3353 749 3408 σποδοῦνται
776 3354 912 3424 suspicor:
940 3355 973 3408 οῦ
996 3351 1072 3424 δέλω
1095 3375 1123 3409 τι
1146 3355 1197 3409 καλ

178 3424 317 3491 γίγνεται·
337 3417 389 3490 ἐγὼ
409 3421 545 3492 δυστυχής
564 3420 628 3491 εἰμι.
660 3425 670 3491 ss
703 3428 735 3476 10
753 3421 922 3493 τυπουμένων
941 3425 1041 3490 δοῦλος
1059 3422 1196 3496 κοιμωμέ-

179 3513 238 3547 νων
257 3492 291 3560 S;
309 3491 523 3561 κνμαινομένων
547 3494 637 3560 Wolf;
655 3510 694 3548 ανι
711 3492 907 3564 κνλιομένωνδ
938 3498 952 3565 ή
982 3501 1014 3551 15
1033 3496 1111 3558 ueS
1130 3500 1197 3567 (quo

178 3569 286 3618 servato
304 3564 335 3617 ι’νι
352 3581 377 3619 ν.
396 3568 433 3618 16
451 3562 573 3616 δύναται
589 3580 663 3618 αιιιιε
676 3565 716 3631 s):
734 3581 802 3621 οων.
821 3582 835 3620 s
