2608 3928
84 221 135 278 (w,
150 228 181 278 ιι,
193 225 278 278 ιε-ιε,
288 221 311 272 ι)
347 214 498 265 ΒΙΒΛΙΟΝ
517 213 713 265 ΤΕΤΑΡΤΟΝ.
734 211 784 284 ιβ’.
804 211 854 282 ιη’.
1031 212 1096 277 397

85 374 170 439 ὅπου
190 369 220 436 δ’
243 372 286 438 άν
304 373 491 460 άπονεόσης
509 373 684 450 ἀπότινος
703 375 842 459 τούτων,
865 373 971 451 εὐθὺς
990 376 1097 458 ζημία,
1118 396 1150 446 18

86 480 146 545 οὐκ
170 477 296 558 ἔξωθέν
319 486 439 564 ποθεν,
461 477 534 545 ἀλλ’
560 478 594 558 ἐξ
618 479 719 565 αὐτῆς
740 489 798 565 τῆς
820 479 995 566 ἐνεργείας.

156 589 199 651 Τί
219 580 295 665 οὖν;
324 586 469 651 δυνατὸν
492 584 722 672 ἀναμάρτητον
748 587 813 670 ἤδη
842 581 942 665 είναι;
972 585 1097 671 ἁμηχα-
1118 610 1150 658 19

85 716 162 775 νον,
193 689 264 757 ἁλλ’
293 691 399 758 ἐκεῖνο
423 692 569 758 δυνατὸν
591 693 674 779 πρὸς
695 695 733 758 τὸ
756 693 801 777 μη
825 691 1025 778 ἁμαρτάνειν
1048 715 1099 757 τε-

54 797 208 864 ετάσθαι
232 799 399 882 διηνεκῶς.
435 797 605 882 ἀγαπητὸν
627 798 702 885 γάρ,
725 800 757 864 εί
773 796 928 884 μηδέποτ’
951 796 1099 875 ἀνιέντες

86 905 209 989 ταύτην
236 906 296 988 την
323 905 493 990 προσοχὴν
521 905 645 988 ὀλίγων
672 929 710 989 με
738 904 979 991 ἁμαρτημάτων
1007 903 1100 981 έκτὸς

87 1009 240 1093 ἐσόμεθα.
290 1021 355 1076 νῦν
383 1006 413 1075 δ’
445 1010 526 1076 ὅταν
555 1017 648 1096 είπης
676 1008 745 1075 ’ἀπ’
775 1012 894 1097 αὔριον
925 1008 1098 1096 προσέξω,
1117 1034 1152 1082 20

89 1122 161 1182 ίσθι
190 1117 239 1181 ὅτι
269 1125 368 1182 τοῦτο
398 1113 503 1199 λέγεις
537 1116 694 1203 εσημιτρον
724 1119 840 1203 ἔσομαι
870 1117 1098 1203 ἀναίσχυντος,

88 1224 232 1308 άκαιρος,
249 1225 414 1299 ταπεινός·
434 1219 485 1287 ἐπ’
502 1223 615 1300 ἄλλοις
634 1225 723 1288 ἔσται
742 1226 779 1289 τὸ
799 1229 917 1290 λυπεῖν
935 1243 988 1307 με·
1008 1223 1098 1308 ὀργι-

44 1356 73 1394 ιο
88 1322 256 1414 σθησομαι
302 1330 465 1414 σήμερον,
507 1328 692 1413 φθονήσω.
751 1327 868 1415 βλέπε,
911 1330 973 1394 ὅσα
1015 1330 1099 1394 κακὰ

88 1445 213 1524 σεαυτῷ
228 1433 419 1520 ἐπιτρέπεις.
451 1431 522 1499 ἀλλ’
547 1441 576 1499 εί
591 1450 645 1500 σοι
658 1436 778 1521 αὔριον
791 1441 898 1514 καλῶς
912 1438 989 1521 ἔχει,
1006 1438 1099 1524 πόσφ
1118 1458 1150 1506 21

88 1553 237 1625 κρεῖττον
264 1543 421 1626 σήμερον·
453 1541 484 1604 εί
509 1539 628 1623 αὔριον
656 1540 832 1627 συμφέρει,
859 1544 945 1608 πολὺ
972 1545 1100 1626 μᾶλλον

89 1649 248 1733 σήμερον,
275 1647 332 1711 ἵνα
358 1643 414 1710 καὶ
437 1645 556 1731 αὔριον
580 1646 730 1730 δυνηθῇς
752 1644 807 1711 καὶ
829 1647 873 1731 μη
896 1647 997 1712 πάλιν
1019 1644 1099 1711 άνα-

88 1753 173 1839 βάλη
196 1752 242 1830 είς
264 1755 386 1837 τρίτην.

46 2133 74 2173 15
89 2102 146 2191 ιγ’.
183 2107 290 2192 Πρὸς
311 2108 403 2183 τοὺς
431 2105 602 2183 εὐκόλως
629 2104 868 2192 ἐκφέροντας
894 2107 939 2170 τὰ
963 2107 1099 2172 αὑτῶν.

146 2245 248 2314 Ὅταν
280 2271 329 2323 τις
360 2246 440 2330 ἡμῖν
470 2245 581 2324 ἁπλῶς
610 2245 690 2332 δόξη
721 2246 903 2334 διειλέχθαι
930 2244 1006 2334 περὶ
1033 2257 1135 2314 τῶν1

89 2351 210 2420 ἑαυτοῦ
241 2352 457 2438 πραγμάτων,
490 2354 560 2431 πῶς
590 2374 668 2420 ποτε
701 2351 887 2437 ἐξαγόμεθα
918 2351 972 2418 καὶ
1005 2351 1101 2419 αὐτοὶ

87 2461 171 2546 πρὸς
193 2461 230 2525 τὸ
254 2457 407 2546 ἐκφέρειν
429 2461 511 2545 πρὸς
534 2458 636 2524 αὐτὸν
654 2459 695 2523 τὰ
714 2457 840 2524 ἑαυτῶν
859 2458 1027 2544 ἀπόρρητα
1046 2456 1101 2524 καὶ

88 2575 186 2631 τοῦτο
214 2563 342 2631 ἁπλοῦν
365 2567 505 2650 οἰόμεθα
533 2560 632 2632 εἶναι·
662 2561 879 2653 πρῶτονμὲν
904 2563 954 2628 ὅτι
982 2565 1136 2630 άνισονε

45 2696 74 2736 εο
88 2667 175 2737 εἶναι
199 2672 293 2737 δοκεῖ
313 2671 415 2737 αὐτὸν
438 2667 499 2756 μὲν
522 2669 698 2757 ἀκηκοέναι
724 2671 764 2736 τὰ
791 2681 851 2736 τοῦ
873 2673 1029 2754 πλησίον,
1057 2673 1101 2756 μη

89 2776 203 2863 μέντοι
230 2778 443 2862 μεταδιδόναι
471 2777 611 2867 κὰκείνφ
639 2776 675 2843 ἐν
702 2786 747 2866 τῷ
776 2775 868 2863 μέρει
895 2787 961 2842 τῶν
988 2775 1102 2859 ἡμετέ-

89 2905 173 2970 ρων·
198 2879 263 2950 εἶθ’
287 2884 338 2949 ότι
361 2886 501 2970 οἰόμεθα
525 2883 585 2970 οὐχ
608 2882 723 2950 ἁπλῶν
741 2882 931 2969 ἀνθρώπων
949 2881 1102 2969 παρέξειν

90 2991 204 3068 αὐτοῖς
221 2994 408 3075 φαντασίαν
428 3002 615 3067 σιωπῶντες
632 2990 672 3056 τὰ
691 2991 770 3056 ίδια.
816 2988 927 3075 ἀμέλει
945 2988 1104 3066 πολλάκις
1122 3005 1137 3053 3

90 3099 253 3164 εἰώθασιν
276 3096 387 3181 λέγειν
410 3096 486 3181 Ἥγώ
510 3114 563 3164 σοι
585 3097 692 3162 πάντα
714 3096 882 3181 τάμαυτοῦ
904 3102 1030 3183 είρηκα,
1061 3097 1103 3160 σύ

44 3223 73 3264 ιε
88 3229 147 3288 μοι
172 3200 272 3270 οὐδὲν
291 3215 357 3270 τῶν
377 3216 446 3270 σῶν
465 3204 570 3269 είπεῑν
592 3207 719 3281 θέλειςς
742 3212 808 3268 ποῦ
828 3205 954 3286 γίνεται
976 3199 1102 3281 τοῦτο;’

88 3313 247 3394 πρόσεστι
267 3306 304 3375 δέ
322 3307 434 3375 καὶτὸ
459 3316 590 3375 οίεσθαι
611 3309 767 3393 ἀσφαλῶς
788 3308 956 3374 πιστεύειν
974 3316 1020 3394 τῷ
1038 3309 1103 3393 ἤδη
1122 3322 1139 3371 4

166 3507 197 3555 11
218 3503 248 3556 εί
262 3504 430 3571 conscripsi:
445 3499 535 3571 sle&
553 3500 605 3557 είε
627 3505 636 3570 ΙΙ
659 3506 693 3555 14
708 3498 748 3563 είς
761 3499 852 3573 <τὴν>
866 3499 898 3560 δε
927 3503 937 3570 ΙΙ
965 3505 998 3554 15
1012 3500 1104 3554 αὐτῶν

89 3575 125 3631 S:
144 3589 242 3630 eorm
264 3576 273 3642 ΙΙ
296 3579 328 3627 21
344 3578 476 3628 κακεῖνον
495 3573 528 3630 S:
541 3590 610 3630 corr.
625 3573 658 3634 δε
686 3575 696 3643 ΙΙ
723 3579 757 3628 26
772 3569 885 3644 προσέτι
899 3571 931 3628 S:
945 3588 1014 3627 corr.
1030 3571 1110 3638 Wolf
