2650 3930
180 204 248 267 214
324 207 507 259 ΑΡΡΙΑΝΟΤ
526 207 600 259 ΤΩΝ
619 209 835 261 ΕΠΙΚΤΗΤΟΤ
853 211 1050 265 ΔΙΑΤΡΙΒΩΝ

180 364 356 450 ἐκκλίσεις,
385 368 442 432 ἵνα
468 364 541 452 μήτ’
570 368 770 455 ὀρεγόμενος
796 369 1007 459 ἀποτυγχάνῃ
1036 369 1109 458 μήτ’
1142 371 1193 438 έκ-

143 490 160 537 ε
179 475 304 538 κλίνων
326 475 517 558 περιπίπτῃ·
542 475 560 539 6
583 473 658 562 περὶ
681 476 738 553 τδς
760 477 865 562 ὁρμάς
887 476 942 544 καὶ
965 478 1117 566 ἀφορμάς
1137 475 1193 544 κάὶ

180 576 290 656 ἅπλῶς
313 579 330 645 6
353 576 429 664 περὶ
451 581 490 645 τὸ
512 587 673 666 καθῆκον,
700 583 757 648 ἵνα
779 583 881 668 τάξει,
903 586 959 649 ἵνα
982 587 1192 669 εὐλογίστως,

180 685 236 749 ἵνα
255 686 300 769 μὴ
319 684 458 770 ἀμελῶς·
482 689 590 772 τρίτος
610 686 699 754 ἐστὶν
719 689 737 755 6
755 686 831 775 περὶ
849 691 910 773 τὴν
929 689 1194 777 ἀνεξαπατῃσίαν

178 788 233 856 καὶ
261 791 489 877 ἀνεικαιότητα
516 790 572 858 καὶ
595 793 680 872 ὅλως
703 796 721 860 6
744 792 820 882 περὶ
842 798 900 874 τὰς
923 797 1192 882 συγκαταθέσεις.
1220 817 1233 858 ⁵

142 913 159 961 3
178 899 305 964 τούτων
329 900 529 985 κυριώτατος
556 897 611 965 καὶ
634 901 775 985 μάλιστα
798 901 939 985 ἐπείγων
962 901 1052 969 ἐστὶν
1075 906 1094 972 6
1116 904 1194 992 περὶ

178 1006 218 1069 τὰ
240 1005 345 1089 πάθῃ·
369 1005 479 1082 πάθος
502 1006 565 1090 γάρ
588 1007 696 1083 άλλως
718 1006 759 1072 οὐ
784 1010 910 1090 γίνεται
933 1009 965 1073 εί
987 1011 1030 1094 μὴ
1055 1009 1194 1096 ὀρέξεως

178 1109 472 1196 άποτυγχανούσης
509 1110 529 1195 ἢ
568 1109 741 1189 έκκλίσεως
772 1116 1038 1200 περιπιπτοόσῃς.
1094 1113 1193 1194 οὗτός

178 1216 268 1281 έστιν
291 1217 309 1282 6
332 1215 485 1300 ταραχάς,
507 1217 690 1301 θορύβους,
712 1217 857 1304 ἀτυχίας,
881 1220 898 1286 6
923 1221 1100 1307 δυστυχίας
1124 1221 1194 1288 έπι-

177 1318 306 1406 φέρων,
334 1321 351 1387 6
375 1319 501 1406 πένθῃ,
525 1323 685 1407 οίμωγάς,
708 1327 876 1409 φθόνους,
899 1327 917 1392 6
940 1328 1149 1414 φθονεροός,
1173 1330 1235 1394 610
1315 1340 1316 1386 ι

178 1428 379 1510 ζηλοτάπους
400 1438 521 1512 ποιῶν,
552 1425 595 1493 δι’
624 1423 671 1495 ὧν
696 1428 769 1496 οὐδ’
796 1430 936 1497 ἀκοῦσαι
959 1436 1063 1516 λόγου
1089 1434 1192 1500 δυνά-

140 1539 274 1618 4μεθα.
320 1535 473 1620 δεύτερός
496 1533 585 1600 ἐστιν
609 1536 627 1601 6
650 1534 727 1622 περὶ
750 1539 787 1603 τὸ
808 1543 972 1622 καθῆκον·
996 1538 1037 1605 οὐ
1056 1540 1111 1604 δεῖ
1127 1541 1190 1625 γάρ

176 1664 216 1725 με
244 1635 331 1706 εἶναι
359 1639 472 1724 ἀπαθῆ
500 1641 544 1718 ὡς
567 1640 764 1727 ἀνδριάντα,
794 1642 877 1708 ἀλλά
905 1645 963 1721 τάς
986 1643 1113 1729 σχέσεις
1135 1670 1191 1729 τῃ·
1315 1686 1316 1756 ρ

176 1755 300 1833 ροῦντα
317 1748 375 1824 τάς
393 1749 535 1832 φυσικάς
552 1745 608 1814 καὶ
628 1746 802 1825 ἐπιθέτους
820 1749 864 1826 ὡς
886 1749 1017 1834 εὐσεβῆ,
1036 1751 1081 1827 ὡς
1101 1751 1191 1835 υίόν,

176 1855 220 1931 ὡς
243 1853 402 1939 ἀδελφόν,
425 1855 469 1930 ὡς
491 1852 626 1939 πατέρα,
649 1854 694 1932 ὡς
715 1858 893 1939 πολίτῃν.’
1205 1877 1233 1917 ιε
1315 1836 1316 1868 ³

140 1971 156 2018 ο
247 1963 363 2044 Τρίτος
386 1956 476 2024 ἐστὶν
500 1959 518 2025 6
541 1962 606 2044 ἤδη
628 1970 697 2038 τοϊς
721 1963 967 2046 προκόπτουσιν
991 1960 1191 2047 ἐπιβάλλων,
1315 1985 1316 2002 ¹

176 2065 194 2130 6
226 2061 301 2149 περὶ
333 2065 396 2148 τὴν
427 2064 537 2131 αὐτῶν
568 2067 697 2132 τούτων
729 2065 929 2152 ἀσφάλειαν,
960 2069 1016 2133 ἵνα
1048 2067 1124 2154 μηδ’
1153 2069 1192 2136 έν

176 2169 295 2246 ὕπνοις
327 2170 415 2256 λάθῃ
447 2193 496 2248 τις
532 2170 745 2250 άνεξέταστος
776 2179 992 2258 παρελθοῦσα
1023 2180 1191 2260 φαντασία

177 2270 254 2360 μηδ’
280 2276 317 2342 ἐν
340 2278 473 2342 οίνάσει
497 2275 581 2363 μηδὲ
605 2283 881 2365 μελαγχολῶντος.
908 2317 944 2326 -
976 2283 1082 2347 Τοῦτο
1104 2279 1190 2366 ὑπὲρ

141 2396 157 2444 6
176 2381 271 2469 ἡμᾶς,
300 2387 413 2469 φῃσίν,
443 2383 541 2450 ἐστίν.
567 2423 605 2432 -
634 2385 679 2450 οί
700 2383 736 2450 δέ
759 2395 823 2452 νῦν
846 2389 1028 2471 φιλόσοφοι
1051 2385 1191 2472 ἀφέντες
1205 2411 1232 2451 εο

175 2493 235 2557 τὸν
256 2503 389 2579 πρῶτον
411 2493 514 2558 τόπον
532 2489 587 2558 καὶ
605 2494 665 2558 τὸν
683 2493 841 2577 δεύτερον
860 2496 1092 2575 καταγίνονται
1113 2491 1189 2578 περὶ

175 2600 234 2686 τὸν
266 2602 391 2684 τρίτον·
424 2602 699 2683 μεταπίπτοντας,
731 2599 926 2684 ἠρωτῆσθαι
960 2602 1189 2683 περαίνοντας,

142 2703 408 2788 λὺποθετικούς,
430 2697 667 2789 ψευδομένους.
693 2741 731 2752 -
756 2709 823 2770 Δεῖ
842 2705 917 2790 γάρ,
940 2707 1055 2790 φησίν,
1077 2703 1133 2770 καὶ
1152 2704 1189 2770 έν

174 2819 246 2886 ταῖς
278 2809 373 2886 ὕλαις
407 2811 541 2888 ταύταις
576 2814 757 2895 γενόμενον
790 2810 990 2897 διαφυλάξαι
1026 2813 1064 2877 τὸ
1097 2811 1190 2890 ἀνεξ-

174 2953 387 2961 -ψ-

248 3040 280 3089 12
292 3053 351 3104 sqq.
369 3035 404 3090 cf.
419 3035 506 3092 Enoh.
522 3043 568 3093 302
591 3037 634 3092 Τὰ
648 3037 815 3105 καθήκοντα
830 3037 866 3100 ὡς
885 3033 990 3092 ἐπίπαν
1005 3043 1066 3100 ταῖς
1080 3036 1187 3108 σχέσεσι
1315 3077 1316 3090 ,

175 3113 394 3177 παραμετρεῖται
413 3109 442 3161 et
461 3123 533 3174 quae
552 3110 706 3176 sequuntur
724 3108 759 3162 (1ο
777 3110 858 3178 patre
878 3110 907 3162 et
925 3107 1012 3162 fratre
1032 3109 1168 3180 exempla.

249 3183 281 3232 16
296 3195 355 3247 sqq.
384 3177 419 3233 ef.
442 3175 531 3248 Μόσχ,
557 3179 605 3234 όπ.
626 3184 653 3232 1:
684 3178 891 3249 Παραφόλαττε
920 3179 1024 3233 σαυτὸν
1048 3175 1079 3234 έν
1102 3178 1188 3234 παντί

175 3253 213 3321 τῷ
232 3249 291 3321 βίῳ,
310 3249 347 3319 μὴ
367 3248 443 3321 λάθῃ
462 3267 492 3304 σε
512 3247 716 3319 συναρπάσασα
734 3246 873 3317 ἀδόκητος
892 3251 1020 3318 φαντασί
1038 3295 1043 3306 .

249 3427 281 3477 11
301 3421 340 3477 δι’
362 3423 395 3478 δν
416 3423 514 3479 Comes
545 3425 554 3492 ΙΙ
585 3423 667 3494 λόγον
686 3425 727 3480 ναί
745 3421 866 3491 λόγωνε
897 3427 905 3494 ΙΙ
940 3431 971 3478 17
987 3426 1086 3492 (et19)
1104 3424 1141 3494 μὴ
1157 3425 1188 3479 δὲ

176 3491 210 3548 S:
224 3508 324 3549 εοεαε
364 3498 374 3564 ΙΙ
414 3500 448 3548 22
472 3493 636 3562 ἡρωτῆσθαι
654 3494 686 3562 S,
715 3489 857 3563 ἐρότῃσθε
885 3498 930 3562 (ιιι
946 3496 1016 3562 vid.)
1036 3495 1067 3556 Sa
1104 3499 1114 3564 Ι]
1154 3501 1188 3550 23

176 3563 380 3635 θπερθετικοδς
398 3565 431 3621 S.-
449 3581 546 3620 comus
