2626 3924
168 214 236 278 350
317 209 499 264 APPIANOT
516 209 590 262 ΤΩΝ
608 207 826 260 ΕΙΠΚΤΗΤΟΤ
842 207 1038 260 ΔΙΑΤΡΙΒΩΝ

116 392 151 442 23
232 371 360 462 Ἆπλώς
387 365 449 436 οὖν
477 368 606 434 ἐκείνου
634 367 798 453 μέμνησο,
825 367 875 433 ὅτι
901 375 968 432 πᾶν
996 365 1014 431 ὃ
1042 364 1104 443 ἔξω
1127 374 1187 449 τῆς

167 474 389 566 προαιρέσεως
411 483 469 560 τῆς
491 483 615 540 σαυτοῦ
637 475 799 558 τιμήσεις,
825 472 996 548 ἀπώλεσας
1018 473 1079 556 τὴν
1102 492 1185 556 προ
1307 517 1308 548 ,

168 586 304 666 αίρεσιν.
351 579 412 658 ἔξω
436 576 467 643 δ’
490 575 580 643 ἐστὶν
599 575 640 643 ού
657 581 763 663 μόνον
782 577 877 663 ἀρχή,
901 576 984 643 ἀλλὰ
1007 573 1063 641 καὶ
1082 575 1184 660 ἀναρ-

114 708 150 757 24
167 692 239 774 χία,
262 687 303 753 ού
326 689 431 771 μόνον
454 684 608 769 ἀσχολία,
633 680 794 749 ἀλλὰκαὶ
817 685 928 768 σχολή.
954 719 991 728 -
1018 684 1097 746 Νῦν
1120 676 1185 746 οὖν

168 790 224 879 ἐμὲ
247 791 284 858 έν
307 799 352 879 τῷ
374 791 514 878 θορύβῳ
536 789 643 877 τούτῳ
666 787 844 874 διεξάγειν,
863 823 908 836 -
930 789 973 852 Τί
992 785 1099 870 λέγεις
1121 793 1184 852 θο-
1211 808 1225 848 ε

168 900 275 988 ρύβφ;
296 934 338 946 -
353 894 409 962 Ἐν
432 900 569 972 πολλοῖς
591 893 796 980 ἀνθρώποις,
819 929 858 940 -
878 889 946 957 Καὶ
966 893 1002 956 τί
1020 895 1184 977 χαλεπόνς

168 1003 269 1082 ὃόξον
300 1002 338 1068 έν
366 1000 527 1090 Ὀλυμπίᾳ
559 994 666 1083 εἶναι,
696 1001 885 1086 πανήγυριν
916 996 1019 1062 αὐτὸν
1051 997 1183 1080 ἥγησαι.

168 1109 263 1176 κάπεί
282 1110 382 1184 ἀλλος
404 1108 486 1172 ἀλλο
509 1127 541 1170 τι
564 1103 735 1192 κέκραγεν,
757 1105 857 1181 ἀλλος
875 1104 957 1169 ἀλλο
980 1126 1011 1168 τι
1029 1102 1185 1190 πράσσει,

169 1216 269 1290 ἀλλος
295 1221 340 1300 τῷ
369 1213 458 1300 ἀλλφ
487 1210 655 1276 ἐνσείεται.
702 1209 739 1275 ἐν
762 1220 830 1286 τοίς
859 1211 1048 1294 βαλανείοις
1071 1209 1184 1292 ὄχλος·

168 1316 225 1384 καὶ
246 1320 295 1394 τίς
316 1317 411 1401 ἡμῶν
434 1316 475 1382 ού
497 1319 604 1401 χαίρει
627 1323 666 1401 τῇ
688 1315 872 1401 πανηγύρει
900 1314 1002 1398 ταύτῃ
1025 1309 1081 1378 καὶ
1105 1313 1186 1378 ὀδυ-
1200 1335 1227 1376 ιο

116 1443 150 1493 25
168 1425 318 1507 νώμενος
349 1421 450 1506 αὐτῆς
481 1420 736 1499 ἀπαλλάσσεται;
773 1421 817 1504 μὴ
850 1421 948 1503 γίνου
981 1418 1186 1502 δυσάρεστος

170 1525 254 1614 μηδὲ
282 1530 526 1613 κακοστόμαχος
552 1528 635 1613 πρὸς
660 1527 701 1592 τὰ
728 1529 897 1609 γινόμενα.
936 1523 991 1590 ι’τὸ
1021 1522 1096 1602 ὅξος
1125 1540 1185 1588 σα-

169 1638 267 1722 πρόν,
290 1635 392 1720 δριμὺ
415 1633 492 1718 γάρ·
515 1634 552 1698 τὸ
576 1630 651 1716 μέλι
674 1633 815 1716 σαπρόν,
837 1627 1011 1716 ἀνατρέπει
1029 1629 1094 1714 γάρ
1117 1653 1184 1713 μου

169 1741 231 1824 τὴν
258 1738 340 1818 ἕξιν·
373 1739 499 1824 λάχανα
532 1737 574 1804 ού
599 1735 711 1802 θέλω.’
762 1735 867 1813 ούτως
895 1732 951 1800 καὶ
978 1735 1114 1819 ’σχολὴν
1141 1734 1184 1800 ού

169 1845 272 1929 θέλω,
294 1844 413 1930 ἐρημία
436 1843 549 1928 ἐστίν’,
573 1843 686 1929 Ἷίχλον
710 1842 751 1908 ού
772 1841 876 1925 θέλω,
897 1843 1047 1927 θόρυβός
1069 1837 1184 1905 ἐστιν’.
1198 1864 1225 1904 15
1307 1839 1308 1848 ’

118 1969 152 2018 26
171 1948 243 2016 ἀλλ’
271 1949 312 2014 ἀν
340 1945 402 2032 μὲν
429 1947 516 2013 οὕτω
538 1946 624 2033 φέρφ
646 1948 687 2012 τά
708 1947 900 2033 πράγματα,
928 1946 1010 2010 ὥστε
1033 1947 1140 2028 μόνον
1163 1945 1184 2028 ἣ
1299 1965 1308 2024 ρ

171 2051 239 2138 μετ’
265 2053 388 2135 ὀλίγων
412 2037 629 2136 διεξαγαγεῖν,
654 2053 795 2138 ἡσυχίαν
817 2052 898 2118 αὐτὸ
921 2050 1013 2116 κάλει
1035 2047 1092 2114 καὶ
1114 2061 1184 2135 χρῶ

170 2167 224 2247 τῷ,
242 2157 424 2242 πράγματι,
451 2157 499 2234 είς
525 2156 543 2222 ὃ
572 2159 637 2223 δεῖ·
666 2158 758 2223 λάλει
786 2165 929 2244 σεαυτῷ,
955 2156 1098 2240 γύμναζε
1125 2155 1185 2230 τὰς
1249 2205 1252 2208 -
1307 2177 1308 2180 ’

170 2265 365 2349 φαντασίας,
387 2261 560 2348 έξεργύζου
583 2264 641 2340 τὰς
663 2264 852 2346 προλήψεις.
897 2260 940 2327 ἀν
958 2257 989 2324 δ’
1011 2261 1058 2337 είς
1081 2262 1184 2345 ὄχλου

170 2366 326 2456 έμπέσφς,
353 2368 466 2453 ἀγῶνα
493 2369 574 2435 αὐτὸ
602 2367 692 2452 λέγε,
719 2370 924 2453 πανήγυριν,
947 2364 1079 2453 έορτύν,
1102 2382 1184 2430 συν·
1197 2388 1224 2428 εο
1305 2417 1308 2428 ,

118 2495 151 2545 27
170 2476 336 2562 εορτάζειν
358 2485 462 2560 πειρῶ
484 2485 553 2551 τοϊς
576 2473 777 2557 ἀνθρώποις.
821 2476 857 2538 τί
880 2472 944 2558 γάρ
971 2471 1061 2537 ἐστιν
1082 2471 1183 2554 ἥδιον
1307 2493 1308 2532 ι

168 2580 279 2666 θέαμα
310 2589 356 2669 τῷ
388 2580 617 2668 φιλανθρώπῳ
650 2579 670 2663 ἢ
700 2581 875 2664 ἅνθρωποι
906 2579 1039 2656 πολλοί;
1071 2577 1183 2641 ἵππων

170 2684 289 2770 ἀγέλας
310 2685 330 2769 ἢ
355 2689 444 2770 βοῶν
466 2685 737 2770 ἡδέωςὸρῶμεν,
761 2689 860 2750 πλοῖα
880 2684 987 2749 πολλὰ
1005 2683 1085 2748 ὅταν
1104 2682 1183 2747 λύω·
1307 2665 1308 2674 ¹

170 2814 249 2875 μεν,
287 2794 501 2876 διαχεόμεθα·
544 2789 746 2876 ἀνθρώπους
781 2791 926 2866 πολλοὺς
960 2786 1092 2872 βλέπων
1132 2809 1182 2864 τις

117 2911 152 2962 28
170 2895 318 2975 ἀνιᾶται;
345 2932 383 2943 -
404 2893 503 2961 Ἀλλά
525 2896 831 2984 αατακραυγάζουσί
849 2918 924 2979 μου.
943 2931 985 2940 -
1006 2892 1140 2958 Οὐκοῦν
1160 2891 1222 2976 ἡισ

171 3001 254 3084 ἀκού
278 3016 340 3066 σου
363 2999 577 3085 ίμποθίζεται.
621 3004 657 3066 τί
672 2995 734 3066 οὖν
751 3001 834 3085 πρὸς
852 2998 903 3077 σέ;
927 3003 972 3084 μή
995 3020 1026 3064 τι
1048 2995 1104 3062 καὶ
1123 2997 1182 3062 δύ-

171 3130 269 3190 ναμις
290 3106 310 3189 ἡ
333 3117 405 3183 ταῖς
426 3109 623 3190 φαντασίαις
644 3109 816 3194 χρηστικύ;
846 3102 902 3170 καὶ
928 3107 978 3181 τίς
1001 3121 1037 3169 σε
1060 3103 1182 3168 κωλύει

172 3209 278 3294 ὀρέξει
308 3209 363 3276 καὶ
395 3210 538 3277 ίκαλίσει
566 3218 712 3297 χρῆσθαι
743 3211 826 3276 κατὰ
856 3211 977 3294 φύσιν,
1010 3209 1094 3293 ὁρμῇ
1126 3205 1183 3272 καὶ

172 3315 319 3400 ἀφορμῇ;
343 3326 437 3390 ποῖος
458 3318 607 3400 θόρυβος
628 3318 710 3402 πρὸς
732 3325 830 3381 τοῦτο
854 3315 980 3390 ίκανόςς
1307 3393 1308 3446 χ

244 3473 260 3521 2
279 3468 405 3537 τιμήσητε
423 3468 456 3524 S:
474 3485 574 3524 eorm
604 3473 614 3540 ΙΙ
647 3477 679 3526 17
699 3470 792 3538 ὀλίγον
811 3468 846 3526 S:
864 3484 932 3525 eorr.
948 3467 978 3528 So
993 3467 1035 3524 vel
1052 3483 1087 3522 m.
1104 3483 1149 3536 pr.
1174 3467 1184 3537 ζλ

173 3543 207 3592 28
227 3531 328 3592 ἐνλίσει
345 3539 383 3594 Ss
399 3554 467 3593 corr.
487 3538 517 3598 Sa
