2626 3924
106 249 191 308 (1v,5,
207 248 296 300 11—22)
399 241 553 295 ΒΙΒΔΙΟΝ
570 242 766 295 ΤΕΤΔΡΓΟΝ.
795 241 830 295 ε’.
1055 243 1120 307 357

104 409 327 487 χαρακτῆρας,
357 400 416 478 οδς
438 403 523 487 ἔχων
546 399 583 466 ἐν
606 409 645 487 τῆ
670 403 804 490 διανοίᾳ
825 403 1006 488 ἐλήλυθεν,
1029 405 1122 483 οἴους

104 505 160 573 καὶ
184 505 236 572 ἐπὶ
260 518 326 573 τῶν
348 508 563 594 νομισμάτων
592 510 779 594 ζητοῦντες,
809 509 851 574 δν
875 506 936 596 μὲν
959 509 1119 596 εὕρωμεν,
1235 506 1237 510 ’

106 614 339 700 δοκιμάζομεν,
371 613 415 679 άν
442 611 480 679 δὲ
507 616 551 699 μῆ
579 613 746 701 εὕραμεν,
777 615 966 703 ῥιπτοῦμεν.
1016 617 1119 695 ετίνος
1140 635 1172 683 17

105 723 171 807 ἔχει
189 721 254 787 τὸν
266 727 454 807 χαρακτῆρα
472 729 569 787 τοῦτο
588 722 625 786 τὸ
644 721 891 810 τετράσσαρον;’
914 723 1119 810 ’Τραλανοῦῖ

76 826 218 913 ο“φέρε.’
265 826 457 913 (Νέρωνοςῖ
509 827 623 914 ‘mov
650 826 729 912 ἔξω,
759 827 921 915 ἀδόκιμόν
948 828 1034 914 ἐστι,
1062 845 1119 896 σα-

104 931 212 1019 πρόν.’
268 933 354 1000 οὕτω
386 932 442 1000 καὶ
475 933 608 1000 ἐνθάδε.
658 936 732 1009 τίνοι
765 937 832 1021 ἔχει
861 945 1049 1022 χαρακτῆρα
1079 937 1119 1000 τά

105 1039 252 1124 δόγματα
266 1040 385 1119 αὐτοῦς
404 1040 551 1128 εήμερον,
569 1042 781 1126 κοινωνικόν,
799 1040 983 1127 άνεκτικόν,
1002 1041 1119 1126 φιλάλ-

104 1144 229 1228 ληλονῖ
280 1145 376 1233 φέρε,
412 1145 655 1234 παραδόχομνιι,
689 1158 774 1214 ποιῶ
811 1151 951 1232 πολίτην
987 1157 1121 1232 τοῦτον,

103 1250 331 1340 παραδέχομαι
349 1255 494 1338 γείτονα,
513 1254 697 1338 σύμπλουν.
727 1253 789 1341 δρα
807 1257 925 1339 μόνον,
943 1255 987 1338 μῆ
1002 1257 1118 1339 Νερω-
1138 1272 1171 1321 18

65 1384 91 1425 10
103 1361 222 1425 νιανὸν
255 1361 321 1444 ἔχει
352 1366 550 1446 χαρακτῆρα.
599 1361 644 1444 μή
674 1382 706 1426 τι
737 1360 871 1446 ὀργίλος
898 1360 983 1446 ἐστί,
1015 1363 1059 1445 μή
1087 1383 1119 1424 τι

104 1468 252 1550 μήνιτής,
276 1466 320 1550 μή
343 1489 373 1531 τι
396 1469 629 1552 μεμήίμοιροςς
654 1464 709 1531 εδν
728 1465 816 1554 αὐτῷ
834 1475 936 1552 φανῆ,
959 1467 1118 1532 πατάσσει

103 1572 162 1648 τδις
182 1569 333 1656 ’κεφαλάς
362 1581 429 1637 τῶν
458 1570 703 1637 άπαντάντονν.’
755 1573 790 1637 τί
817 1565 880 1638 οὖν
909 1574 1034 1656 ἔλεγες,
1068 1571 1118 1637 ὅτι
1139 1591 1171 1640 19

103 1678 284 1764 άνθρονπός
307 1676 389 1756 ἔστα
414 1679 458 1762 μῆ
482 1677 545 1764 γάρ
565 1675 602 1742 ἐκ
619 1681 719 1760 ψιλῆς
737 1683 867 1763 μορφῆς
884 1679 1032 1764 κρίνεται
1050 1686 1118 1742 τῶν

104 1786 212 1850 όντων
234 1782 388 1863 δκνιστονς
412 1781 484 1848 ἐπεὶ
507 1783 593 1850 οὕτω
618 1780 692 1866 λέγε
714 1780 770 1847 καὶ
792 1785 831 1849 τὸ
850 1785 990 1870 κήρινον
1013 1787 1119 1867 μῆλον

64 1915 89 1957 1⁵
104 1885 199 1958 εἶναι.
236 1888 292 1956 καὶ
310 1891 418 1975 ὀδμήν
439 1892 526 1976 ἔχειν
544 1889 625 1957 αὐτὸ
639 1891 699 1956 -δεί
714 1887 770 1955 καί
788 1899 917 1973 γεῦσιν·
941 1889 1003 1956 οὐκ
1025 1887 1121 1974 ἀρκεῖ
1138 1908 1172 1957 20

103 1998 124 2081 ῆ
149 1995 240 2074 ἐκτὸς
261 2000 459 2084 περιγραφή.
504 1995 628 2063 οὐκοῦν
652 1992 732 2062 οὐδὲ
754 1998 837 2083 πρὸς
858 1997 917 2062 τόν
935 1996 1118 2079 άνθριοπον

103 2102 201 2192 ῆρὶς
228 2102 359 2189 ἐξαρκεῖ
383 2100 438 2168 καὶ
468 2104 504 2169 οί
528 2102 713 2188 ὀφθαλμοί,
742 2099 814 2168 ἀλλ’
839 2101 882 2167 δν
909 2102 949 2166 τά
972 2102 1119 2185 δόγματα

104 2212 162 2297 ἔχῃ
185 2208 391 2296 άνδροιπικά.
437 2203 534 2286 οὗτος
556 2209 618 2274 οὐκ
640 2207 755 2274 ἀκούει
778 2211 893 2292 λόγον,
916 2207 956 2274 οὐ
974 2228 1118 2292 παρακο-
1136 2226 1171 2276 21

105 2321 228 2383 λουθεί
254 2315 481 2400 ἐλεγχόμενος·
515 2315 593 2391 όνος
627 2311 705 2379 ἐστί.
754 2314 875 2380 τούτου
906 2315 944 2378 τὸ
976 2314 1119 2396 αίδῆμον

63 2448 91 2488 νο
105 2419 383 2508 άπονενόκρωται·
401 2421 564 2506 άχρῆστός
582 2417 663 2503 ἐστι,
679 2419 787 2486 πάντα
801 2423 928 2504 μᾶλλον
946 2414 967 2500 ή
987 2419 1120 2502 άνθρω-

104 2548 175 2606 τος.
207 2523 305 2604 οὗτος
324 2529 421 2610 ζητεῖ,
438 2528 514 2591 τίνα
530 2524 718 2610 ἀπαντήσας
732 2526 868 2610 λακτίσή
883 2523 904 2608 ῆ
919 2523 1017 2608 δάκῃ·
1037 2521 1119 2588 ὥστε

106 2630 186 2701 οὐδὲ
208 2637 377 2720 πρόβατον
400 2632 421 2717 ή
445 2635 534 2718 ὄνος,
562 2630 648 2697 άλλά
670 2643 702 2696 τί
725 2652 803 2697 ποτε
827 2631 946 2717 όίγριον
968 2632 1101 2717 θηρίον.

177 2744 220 2806 Τί
239 2734 316 2818 οὖνς
339 2736 450 2817 θέλεις
467 2762 506 2825 με
525 2744 822 2826 καταφρονεῖσθαις
841 2773 878 2784 -
894 2733 978 2802 Ὑπὸ
1001 2739 1118 2815 τίνωνς
1137 2753 1172 2803 22

105 2848 171 2913 ὑπὸ
198 2846 309 2931 <τῶν>
335 2847 489 2924 είδότεονς
520 2843 576 2910 καὶ
602 2854 672 2922 πῶς
697 2845 1010 2931 καταφρονήσουσιν
1038 2840 1119 2926 <οί>

64 2976 92 3019 ετ
107 2954 232 3028 εἰδότες
262 2961 322 3018 τοῦ
352 2950 478 3040 πρᾷον,
513 2960 574 3018 τοῦ
612 2952 804 3036 αἰδήμονος,
842 2947 913 3015 ἀλλ’
952 2950 1017 3015 ὑπὸ
1052 2959 1119 3014 τῶν

181 3114 212 3163 11
224 3125 265 3176 sq.
284 3106 319 3165 of.
338 3107 415 3164 Suet.
433 3107 499 3162 Ner.
518 3123 542 3165 c.
562 3113 604 3163 νδ.

177 3257 195 3306 4
213 3249 411 3320 τετραοοάριον
426 3250 500 3305 Wise
520 3251 530 3319 ῆ
555 3254 587 3308 10
602 3246 651 3338 ἔχῃ
664 3249 694 3310 δι
724 3251 734 3317 ΙΙ
758 3256 788 3305 11
805 3250 923 3340 μιχνίτης
936 3247 970 3306 S:
983 3262 1052 3332 οοικ.
1069 3247 1122 3302 Oo-

105 3341 166 3380 κατε
188 3324 198 3392 ΙΙ
220 3320 279 3406 (μή
293 3320 351 3406 τι,>
361 3320 397 3376 δν
410 3320 507 3376 comes
527 3322 537 3389 ΙΙ
558 3336 695 3375 παταοσει
708 3320 756 3381 διε
769 3319 938 3404 *μιασσειδ
954 3320 964 3387 ΙΙ
981 3324 1020 3409 ν12
1035 3325 1121 3374 mter-

106 3391 672 3553 ιισνανικκῆιιικκ
688 3388 1120 3543 ,νάιιιάιιῆιιῑ

106 3532 430 3681 χιμμχαεαχὲπρόβατον)
449 3550 543 3587 παντα
568 3533 596 3589 0.
616 3532 730 3590 Schenkl
768 3536 778 3604 fl
816 3539 850 3589 24
868 3531 967 3606 (τῶν)
990 3531 1088 3588 αδδιδι
1112 3530 1121 3601 ΙΙ
