2636 3930
195 170 259 234 298
341 170 524 223 APPIANOT
541 169 616 222 ΤΩΝ
634 169 852 222 ΕΙΠΚΤΗΤΟΤ
870 167 1064 220 ΔΙΑΤΡΙΒΩΝ

193 334 312 413 πόνος,
341 326 383 396 ού
407 328 501 413 δόξα,
526 328 565 395 ου’
589 336 748 414 πλοῦτος,
776 331 916 395 δύναται
944 327 991 412 δ’,
1014 329 1094 395 ὅταν
1118 326 1208 417 αὐτῷ
1281 321 1283 466 ρ

196 435 290 522 δόξη,
322 439 360 503 τὸ
394 437 561 521 σωμάτιον
589 436 671 502 ὅλον
699 437 912 522 προσπτύσας
939 433 1006 501 τινὶ
1038 435 1209 516 ἀπελθεῖν,

142 559 175 606 72
194 545 285 619 τίνος
312 544 360 607 ἔτι
387 538 486 619 οὗτος
513 543 635 620 δοῦλός
662 541 746 624 ἐστι,
776 547 842 608 τίνι
864 539 1095 622 ύποτέτακται;
1124 545 1157 607 εί
1179 540 1208 607 δ’

194 647 299 733 ἡδέως
322 648 359 714 έν
378 646 537 732 Ἀδήναις
560 650 675 733 διῆγεν
699 646 755 713 καὶ
777 649 897 732 ἥττητο
915 649 1036 732 ταύτης
1057 657 1117 732 τῆς
1140 649 1211 713 δια·

194 760 319 842 τριβῆς,
342 753 395 820 ἐπὶ
413 751 512 820 παντὶ
531 753 574 819 άν
592 750 635 838 ἦν
653 754 693 818 τδι
712 752 842 820 ἐκείνου
867 754 1053 840 πράγματα,
1076 754 1094 820 ὁ
1120 755 1211 840 ίσχυ-
1233 775 1242 814 ε
1285 812 1286 846 ρ

142 877 174 926 '1³
195 865 333 949 ρότερος
354 863 469 948 κύριος
491 860 534 926 δν
556 855 599 944 ἦν
618 865 763 943 λυπῆσαι
786 860 899 925 αύιύν.
943 870 1013 936 πῶς
1035 858 1077 925 άν
1102 861 1212 936 δοκεῖς
1285 857 1286 942 λ

193 972 272 1046 τοὺς
297 970 454 1055 πειρατὰς
480 967 694 1050 ἐκολάκευεν,
722 964 766 1032 ἵν’
799 967 902 1032 αὐτὸν
925 962 1117 1050 Ἀθηναίων
1144 965 1210 1032 τινὶ

193 1077 408 1158 πωλησωσιν,
436 1067 482 1138 ἵν’
509 1074 565 1157 ίδη
592 1068 671 1138 ποτὲ
698 1075 758 1138 τὸν
780 1077 923 1159 Πειραιᾶ
946 1074 1005 1138 τὸν
1028 1075 1134 1139 καλὸν
1156 1072 1209 1140 καλ
1286 1089 1287 1096 ’

142 1195 176 1244 74
194 1183 234 1246 τὰ
256 1181 365 1267 μακρδι
387 1182 477 1264 τείχη
501 1176 556 1243 καὶ
579 1180 640 1263 τὴν
664 1177 861 1265 άκρύπολιν;
890 1181 940 1255 τίς
963 1179 1011 1243 ὢν
1034 1180 1124 1264 ίδης,
1153 1179 1210 1245 ἀν·

195 1287 378 1372 δράποδον;
404 1287 525 1362 δοῦλος
546 1283 601 1350 καὶ
620 1288 785 1362 ταπεινός·
809 1282 864 1351 καὶ
882 1288 918 1350 τί
932 1301 986 1351 σοι
1005 1286 1143 1369 &pei-093
1167 1323 1208 1332 -
1223 1307 1244 1346 ιο

141 1406 175 1454 ‘15
196 1393 260 1456 Οὔ·
271 1389 342 1457 ἀλλ’
357 1390 590 1478 ἐλεύθερος-
600 1390 735 1475 Δεῖξον,
748 1403 818 1468 πῶς
831 1391 1019 1474 ἐλεύθερος.
1038 1392 1114 1456 ἰδοὺ
1126 1391 1210 1457 ἐπεί-

194 1501 317 1583 ληπταί
337 1515 398 1564 σου
421 1502 472 1576 τίς
494 1519 572 1564 ποτε
596 1493 694 1574 οὗτος
717 1498 735 1564 ὁ
760 1497 886 1581 ἐξάγων
905 1517 942 1562 σε
961 1497 1025 1563 ἀπὸ
1048 1506 1107 1582 τῆς
1131 1515 1209 1563 συν-

192 1606 301 1688 ήθους
315 1623 368 1671 σοι
387 1607 559 1692 διατριβῆς
573 1603 628 1669 καὶ
647 1603 736 1687 λέγει
750 1601 884 1681 δοῦλος
902 1603 980 1689 έμὸς
998 1598 1041 1668 εἶ·
1066 1601 1118 1670 ἐπ’
1138 1602 1209 1690 ἐμοὶ
1290 1639 1291 1652 2

192 1712 256 1796 γάρ
285 1710 356 1776 ἐστι
381 1717 531 1777 κωλῦσαι
558 1727 596 1776 σε
620 1711 750 1794 διάγειν
773 1711 818 1786 ὡς
840 1708 966 1794 θέλεις,
998 1708 1046 1776 ἐπ’
1075 1709 1150 1794 ἐμοὶ
1173 1713 1208 1776 τὸ

192 1816 326 1884 ἀνεῖναί
345 1835 394 1902 σε,
416 1819 454 1883 τὸ
476 1827 671 1883 ταπεινοῦν·
695 1816 775 1882 ὅταν
797 1815 901 1901 θέλω,
922 1818 1024 1882 πάλιν
1043 1817 1208 1904 εὐφραίνῃ
1222 1839 1242 1879 15
1291 1790 1292 1840 δ

139 1939 172 1987 76
191 1921 246 1987 καὶ
279 1920 442 2008 μετέωρος
473 1925 599 2009 πορεύῃ
631 1925 679 2000 είς
707 1920 872 2008 Ἀθήνας’.
925 1927 960 1990 τί
988 1921 1095 2007 λέγεις
1126 1926 1209 2011 πρὸς

191 2037 312 2093 τοῦτον
334 2030 394 2094 τὸν
418 2030 698 2112 δουλαγωγούντά
718 2047 769 2108 σει
793 2040 893 2096 ποῖον
911 2030 1000 2118 αὐτῷ
1022 2033 1208 2116 καρπιστην

193 2134 310 2211 δίδως;
334 2134 354 2218 ἢ
379 2129 452 2199 οὐδ’
474 2135 560 2212 ὅλως
583 2135 799 2220 άντιβλέπεις,
823 2133 894 2202 ἀλλ’
917 2135 1014 2222 ἀφεὶς
1031 2139 1110 2214 τοὺς
1128 2142 1209 2203 πολ-

139 2255 172 2303 '17
193 2241 272 2315 λοὺς
294 2242 416 2323 λόγους
439 2241 606 2326 ἱκετεύεις,
628 2244 684 2309 ἵνα
708 2242 850 2328 άφεθηςς
880 2245 1051 2329 άνδροιπε,
1074 2246 1122 2321 εἰς
1145 2269 1209 2328 φυ-

192 2347 296 2430 λακήν
320 2364 356 2412 σε
380 2348 434 2412 δεῖ
452 2349 612 2432 χαίροντα
635 2345 779 2432 ἀπιέναι,
809 2349 1007 2432 σπεύδοντα,
1029 2350 1208 2434 φθάνοντα
1221 2373 1244 2412 ιο

190 2456 270 2531 τοὺς
297 2452 493 2536 ἀπάγοντας.
544 2448 614 2519 εἶτά
641 2479 698 2539 μοι
727 2457 769 2520 σὺ
797 2451 858 2540 μὲν
885 2454 923 2520 έν
944 2453 1048 2542 Ῥώμη
1077 2456 1208 2538 διάγειν

191 2559 313 2644 ὀκνεῖς,
334 2561 396 2644 την
413 2560 556 2626 Ἑλλάδα
578 2567 709 2638 ποθεῑςς
735 2561 816 2626 ὅταν
835 2558 865 2626 δ’
889 2560 1117 2648 ἀποθνῄσκειν
1137 2560 1208 2649 δέη,

191 2661 246 2729 καὶ
272 2667 345 2730 τότε
373 2663 502 2750 μέλλεις
528 2665 623 2750 ημῶν
649 2670 875 2750 κατακλαίειν,
903 2667 954 2733 ὅτι
981 2670 1038 2745 τάς
1061 2666 1208 2751 Ἀθήνας

192 2769 233 2835 ού
261 2768 390 2854 μέλλεις
417 2771 553 2855 βλέπειν
580 2770 636 2837 καὶ
663 2773 701 2839 έν
729 2777 861 2863 Λυκείῳ
890 2774 931 2840 ού
957 2776 1205 2861 περιπατήσεις;

139 2892 172 2942 78
192 2873 245 2940 ἐπὶ
277 2887 374 2942 τοῦτο
408 2875 633 2963 άπεδήμησας;
671 2881 793 2945 τούτου
825 2879 920 2944 ἕνεκα
953 2879 1106 2965 έζητησάς
1138 2905 1205 2946 τινι
1220 2902 1243 2944 ιι

281 3073 296 3120 2
324 3067 359 3123 cf.
378 3069 470 3123 Laert.
489 3068 572 3138 Diog.
591 3070 638 3139 IX,
654 3074 700 3125 ὅθι
724 3069 917 3141 (Ἀνάξαρχον)
936 3072 1132 3134 κελεύοντος-
1154 3082 1204 3128 τοῦ

191 3136 430 3208 Νικοκρέοντος·
447 3139 499 3209 τὴν
517 3144 642 3210 γλῶτταν
660 3143 748 3197 αὐτοῦ
767 3137 957 3212 ἐκτμηθῆναι,
982 3142 1062 3213 λόγος
1080 3145 1206 3214 άποτρα-

191 3207 278 3277 γόντα
295 3210 473 3280 προσπτύσαι
491 3213 574 3283 αὐτῷ.

191 3320 404 3328 -——-.-—-—-

263 3385 333 3438 διὰ
351 3386 379 3446 δ’,
397 3388 429 3440 ιἰι
446 3403 547 3442 ταεκνα
572 3394 702 3456 ηααιναοτ
726 3389 778 3443 λιιι.
819 3391 829 3456 ss
870 3395 885 3442 9
910 3392 972 3462 ίδης
999 3390 1088 3458 Wolf:
1116 3389 1205 3461 είδῆις

191 3452 274 3593 ῗδμξ
295 3453 323 3508 δ’
344 3449 377 3526 ᾗς
400 3456 431 3516 δι
470 3461 480 3525 λ
522 3463 553 3512 11
574 3455 635 3510 ἀλλ’
656 3453 824 3529 έκλεύθερος
846 3459 868 3514 S
889 3463 914 3530 (ε
933 3478 1001 3516 eras.
1025 3468 1051 3517 et
1068 3465 1083 3514 λ
1101 3479 1116 3516 ε
1133 3479 1204 3519 corr.
