2636 3930
151 186 216 252 218
296 186 480 239 APPIANOT
498 185 573 237 ΤΩΝ
590 185 807 236 ΕΠΙΚΤΗΤΟΤ
826 183 1021 235 ΔΙΑΤΡΙΒΩΝ

115 365 131 414 9
151 360 231 433 ρῶν,
256 342 353 424 οὗτος
375 356 435 412 τοῦ
459 344 590 429 ἀγαθοῦ
612 345 778 430 τυγχάνει.
824 344 923 431 αἴρει
951 345 992 410 τὰ
1014 347 1168 431 χρήματα

152 454 170 519 ὁ
194 452 321 538 πατήρ.’
359 449 430 517 ἀλλ’
454 452 495 517 οὐ
514 452 660 535 βλάπτει.
698 450 774 530 εἔξει
797 453 834 516 τὸ
858 448 959 516 πλέον
977 460 1038 517 τοῦ
1058 449 1168 534 ἀγροῦ

151 558 192 641 <ὁ
215 556 401 643 ἀδελφός>.’
445 558 526 623 ὅσον
554 556 610 623 καὶ
631 556 736 623 θέλει.
781 558 826 641 μή
849 581 880 622 τι
903 551 965 623 οὖν
988 566 1049 622 τοῦ
1072 557 1170 642 αἰδή-

99 683 133 731 10
152 689 269 750 μονος,
297 667 341 749 μή
364 689 396 730 τι
418 673 478 730 τοῦ
501 674 636 748 πιστοῦ,
663 666 707 747 μή
735 688 766 729 τι
793 673 853 728 τοῦ
876 661 1098 748 φιλαδέλφου;
1129 662 1168 728 ἐκ

151 771 271 854 ταύτης
297 772 360 857 γάρ
388 780 446 856 τῆς
472 770 588 846 οὐσίας
613 772 663 846 τίς
686 771 826 836 δύναται
849 769 1015 853 ἐκβαλεῑν;
1045 766 1117 836 οὐδ’
1146 769 1166 834 ὁ
1196 790 1209 831 ε

153 878 246 954 Ζεύς.
279 873 358 943 οὐδὲ
378 878 440 963 γάρ
460 874 637 960 ἠθέλησεν,
656 873 728 941 ἀλλ’
746 871 795 939 ἐπ’
818 873 891 959 ἐμοὶ
910 875 990 940 αὐτὸ
1009 874 1167 960 ἐποίησεν

150 980 206 1048 καὶ
229 984 352 1049 ἔδωκεν
377 975 450 1048 οἷον
469 976 557 1068 εἶχεν
575 981 675 1058 αὐτὸς
695 980 878 1065 ἀκώλυτον,
901 979 1166 1065 ἀνανάγκαστον,

151 1088 430 1175 ἀπαραπόδιστον.

100 1213 132 1262 11
209 1194 311 1260 Ὅταν
339 1189 402 1260 οὖν
429 1195 519 1281 ἀλλῳ
547 1195 629 1260 ἀλλο
659 1195 696 1259 τὸ
727 1196 874 1279 νόμισμα
905 1188 942 1280 ᾖ,
975 1193 1083 1258 ἐκεῖνό
1114 1217 1165 1270 τις

151 1409 199 1484 είς
221 1408 282 1490 τὴν
305 1405 465 1492 ἐπαρχίαν
491 1408 629 1490 κλέπτης
656 1405 856 1484 ἀνθύπατος.
901 1410 968 1472 τίνι
987 1409 1166 1490 νομίσματι

151 1521 282 1599 χρῆται;
305 1512 462 1602 ἀργυρίῳ.
509 1512 620 1591 δεῖξον
642 1510 697 1577 καὶ
721 1511 865 1598 ἀπόφερε
890 1512 907 1578 ὃ
930 1512 1050 1591 θέλεις.
1092 1513 1166 1596 ἐλή-

152 1624 258 1685 λυθεν
294 1622 415 1706 μοιχός.
469 1623 535 1685 τίνι
574 1623 751 1703 νομίσματι
782 1629 913 1706 χρῆται;
952 1621 1164 1705 κορασιδίοις,

152 1725 268 1810 “λάβε’,
295 1730 394 1810 φησί,
422 1725 471 1791 ’τὸ
499 1729 644 1810 νόμισμα
670 1723 726 1790 καὶ
752 1726 911 1809 πώλησόν
937 1748 994 1810 μοι
1022 1728 1059 1792 τὸ
1082 1746 1167 1811 πρα-

100 1849 133 1898 13
151 1831 312 1916 γμάτιον.’
341 1832 399 1908 δὸς
416 1829 472 1896 καὶ
490 1831 638 1917 ἀγόραζε.
669 1831 771 1908 ἀλλος
784 1829 859 1915 περὶ
873 1832 1033 1917 παιδάρια
1048 1830 1165 1897 ἐσπού-
1181 1851 1209 1892 15

152 1939 240 2002 δακε.
280 1939 339 2013 δὸς
362 1937 450 2024 αύτῷ
473 1939 511 2002 τὸ
530 1939 677 2021 νόμισμα
695 1935 750 2002 καὶ
770 1937 849 2022 λάβε
868 1937 886 2002 ὃ
905 1938 1025 2014 θέλεις.
1066 1939 1166 2014 ἀλλος

152 2045 347 2127 φιλόθηρος.
393 2043 451 2118 δὸς
471 2042 628 2128 ίππάριον
648 2045 752 2109 καλὸν
775 2043 795 2128 ἢ
819 2044 991 2126 κυνάριον·
1007 2045 1166 2128 ὀἰμώζων

151 2145 206 2212 καὶ
230 2144 355 2212 στένων
378 2150 524 2231 πωλήσει
547 2145 619 2213 ἀντ’
646 2149 750 2215 αὐτοῦ
773 2149 790 2214 ὃ
814 2147 933 2226 θέλεις.
978 2151 1079 2226 ἀλλος
1101 2149 1165 2232 γάρ

152 2253 255 2319 αὐτὸν
278 2249 453 2337 ἀναγκάζει
476 2256 617 2339 ἔσωθεν,
639 2256 657 2321 ὁ
676 2258 713 2320 τὸ
732 2256 877 2339 νόμισμα
895 2261 993 2320 τοῦτο
1016 2255 1165 2338 τεταχώς.

99 2378 133 2426 14
218 2362 313 2447 Πρὸς
338 2369 437 2427 τοῦτο
465 2362 605 2445 μάλιστα
635 2363 672 2428 τὸ
700 2357 789 2437 εἶδος
817 2360 920 2426 αὑτὸν
947 2357 1165 2445 γυμναστέον.
1179 2381 1209 2421 εο

151 2467 257 2546 εὐθὺς
284 2469 414 2555 ὄρθρον
440 2470 617 2554 προελθὼν
641 2468 680 2534 ὃν
704 2467 746 2533 ἀν
774 2467 858 2553 ἴδῃς,
883 2465 922 2532 ὃν
945 2466 988 2531 ἀν
1011 2465 1166 2552 ἀκούσῃς,

152 2573 288 2658 ἐξέταζε,
312 2573 495 2660 ἀποκρίνου
519 2575 564 2650 ὡς
585 2575 668 2658 πρὸς
686 2571 845 2658 ἐρώτημα.
889 2576 925 2637 τί
944 2567 1041 2654 εἶδες,
1063 2573 1166 2637 καλὸν

151 2678 172 2762 ἣ
195 2681 314 2762 καλήνς
339 2681 438 2764 ἔπαγε
461 2682 521 2744 τὸν
542 2682 677 2743 κανόνα.
724 2677 942 2763 ἀπροαίρετον
965 2677 986 2762 ἢ
1012 2698 1166 2763 προαιρε-

225 2873 258 2920 22
270 2883 329 2935 sqq.
355 2867 389 2921 ef.
413 2884 486 2934 quae
510 2867 548 2920 ad
570 2867 605 2933 ΙΙ,
627 2873 659 2921 18
689 2872 721 2920 15
746 2867 882 2922 adnotavi
907 2869 936 2921 et
960 2867 1047 2922 Enoh.
1068 2872 1097 2922 5:
1122 2862 1166 2932 ἐξ·

153 2935 231 3003 ε’ταζε
249 2969 263 2976 -
286 2937 335 2990 καὶ
358 2939 490 3008 δοκίμαζε
512 2945 571 3000 τοῖς
594 2910 711 2992 κανόσιν
736 2935 778 3000 οἷς
796 2937 879 3008 ἔχεις·
904 2939 1002 3010 πρώτῳ
1027 2937 1058 2992 δὲ
1077 2937 1165 3010 τούτῳ

152 3007 201 3062 καλ
220 3005 339 3077 μάλιστα
357 3007 477 3078 πότερον
495 3009 560 3079 περὶ
578 3007 614 3062 τά
633 3003 680 3076 ἀφ’
701 3007 769 3079 ἡμῖν
788 3003 863 3064 ἔστιν
877 3006 894 3076 ἢ
910 3008 974 3078 περὶ
990 3007 1025 3062 τὰ
1044 3010 1095 3063 ούκ
1116 3004 1163 3076 ἀφ’

151 3077 228 3148 ἡμῖν.
265 3076 319 3133 κάν
338 3080 406 3148 περί
421 3087 517 3133 τιτῶν
532 3080 583 3134 ούιι
598 3074 646 3147 ἐφ’
662 3077 729 3149 ἡμῖν
748 3072 775 3152 ᾖ,
794 3078 945 3150 πρόχειρον
965 3076 1032 3133 ἔστω
1046 3079 1077 3134 τό
1093 3077 1166 3133 διότι

154 3149 237 3204 ούδὲν
256 3149 326 3218 πρὸς
345 3143 401 3219 ἐμέ.

224 3323 295 3395 3<ὁ
314 3323 458 3398 ἀδελφός>
478 3327 542 3380 add.
562 3325 645 3380 δάιον
678 3329 688 3394 11
720 3323 825 3394 9ἣ8ι
844 3344 941 3382 εοεαε
972 3329 981 3395 1
1014 3322 1106 3381 ἐκεῖνό
1125 3346 1167 3389 τις

153 3395 184 3454 Sa
201 3395 253 3463 (vel
272 3395 329 3462 Sd:
348 3395 455 3456 ἐκεῖνος
473 3396 507 3460 8,·
526 3415 564 3450 οτι
583 3390 675 3451 ἐκεῖνο
695 3395 733 3450 6?
764 3402 773 3465 11
807 3402 839 3450 10
864 3396 912 3467 ἔχη
932 3398 962 3458 δε
995 3400 1005 3465 11
1042 3401 1077 3450 14
1096 3398 1167 3466 φησὶ

153 3464 342 3592 {aemma
364 3468 374 3536 11
415 3473 448 3520 19
468 3465 624 3535 ἀναγκάζοι
643 3466 677 3521 S:
695 3483 764 3523 σοιν.
783 3485 817 3522 οι.
833 3485 880 3537 γα.
921 3471 930 3538 1
971 3473 1005 3522 20
1024 3467 1110 3522 αύτδν
1130 3468 1166 3524 S:
