2626 3924
139 206 191 258 av,
204 207 224 257 ι,
239 199 328 251 ιι-ει)
429 191 582 243 ΒΙΒΑΙΟΝ
599 191 795 246 ΤΕΤΑΡΤΟΝ.
818 191 858 248 δ’.
1087 192 1151 257 349

139 351 297 439 ἀριθμεῖν
334 352 513 434 εάδίσμεδα
551 349 707 436 ’σάμερον
744 350 894 436 ἀνέγνων
931 356 1063 439 στίχους
1098 377 1152 419 το-

140 457 279 540 σοάσδε,
302 458 429 541 ἔγραψα
451 454 641 539 τοσούσδε’,
664 455 747 522 ἀλλά
770 457 927 543 (σήμερον
949 459 1035 545 ὁρμῇ
1058 458 1153 545 ἐχρη-
1172 477 1205 526 18

140 563 264 647 σάμην,
284 563 328 638 ὡς
349 559 609 647 παραγγέλλεται
630 561 695 627 ὑαὸ
719 573 786 629 τῶν
808 568 1020 650 φιλοσόφων,
1048 563 1154 651 ὀρέξει

140 669 203 738 οὐκ
230 667 434 753 ἐχρησάμην,
467 665 609 733 έκκλίσει
635 669 717 754 πρὸς
746 672 832 752 μόνα
863 670 903 734 τά
930 672 1154 757 ιτροαιρετικά,

112 771 182 839 σού
215 773 422 857 κατεπλάγην
444 773 503 837 τὸν
531 773 640 855 δεῖνα,
672 769 735 838 οὐκ
758 772 982 860 έδυσωιτηθην
1004 776 1069 842 ὑπὸ
1092 786 1153 843 τοῦ

142 881 262 962 δεῖνος,
284 881 322 944 τὸ
345 878 518 944 ἀνεκτικδν
541 876 721 964 έγάμνασα,
742 882 779 946 τὸ
804 879 992 966 άφεκτικόν,
1013 883 1051 948 τὸ
1075 898 1153 948 συν-

142 983 326 1068 εργητικόν’
349 982 405 1051 καὶ
433 984 538 1061 οὕτως
565 983 608 1049 ἀν
635 983 900 1071 ηὐχαριστοῦμεν
927 995 972 1073 τῷ
998 993 1068 1074 θεῷ
1097 985 1151 1072 ἐφ’

143 1079 193 1166 οἷς
216 1091 269 1154 δελ
288 1085 504 1175 εὐχαριστεῖν.

209 1197 286 1259 Νῦν
310 1192 340 1259 δ’
367 1194 460 1278 ἡμεῖς
483 1191 543 1259 οὐκ
567 1200 673 1279 λσμεν,
697 1196 747 1261 ὅτι
770 1193 825 1261 καὶ
844 1193 939 1262 αὐτοὶ
958 1199 1060 1264 άλλον
1080 1199 1153 1280 τρό-
1173 1214 1205 1263 19

101 1320 128 1360 10
141 1320 206 1365 ιτον
238 1299 348 1384 ὅμοιοι
377 1311 447 1377 τοῖς
473 1304 609 1377 πολλοῖς
638 1304 811 1386 γινόμεθα.
861 1303 960 1379 ἀλλος
990 1306 1153 1387 φοβεῖται,

140 1406 185 1489 μὴ
205 1402 266 1471 οὐκ
284 1403 378 1490 ἀρξη·
402 1405 456 1488 σύ,
475 1405 519 1488 μὴ
538 1403 646 1490 ἀρξης.
682 1408 850 1491 μηδαμῶς,
873 1408 1041 1494 ἄνθρωπε.
1078 1406 1149 1474 ἀλλ’
1173 1425 1207 1475 20

141 1511 187 1587 ὡς
208 1514 388 1596 καταγελᾷς
414 1519 474 1583 τοῦ
496 1509 709 1595 φοβουμένου
732 1513 777 1597 μὴ
801 1509 907 1601 <ρύκ>
930 1511 1036 1597 ἀρξαι,
1063 1513 1152 1584 ,οὕτω

141 1612 197 1680 καλ
225 1623 349 1680 σαυτοῦ
376 1614 546 1698 καταγέλα.
596 1612 698 1681 οἰδὲν
731 1617 794 1701 γάρ
825 1616 975 1701 διαφέρει
1002 1616 1022 1700 ἢ
1052 1619 1154 1700 διψῆν

141 1720 349 1806 πυρέσσοντα
376 1719 396 1803 ἣ
425 1721 470 1797 ὡς
496 1721 651 1804 λυσσώδη
679 1721 872 1807 ὑδροφόβον
901 1717 996 1788 εἶναι.
1041 1722 1154 1805 λιτῶς
1172 1740 1206 1789 21

102 1847 128 1887 ιε
142 1829 189 1891 ἔτι
210 1828 338 1912 δυνηση
357 1828 462 1892 ελτιεϊν
480 1827 517 1891 τὸ
536 1835 596 1892 τοῦ
610 1827 811 1913 Σωκράτους
830 1827 881 1892 ἐί
896 1826 1015 1914 ταάτη
1034 1829 1154 1913 φίλον

142 1939 192 2019 τῷ
224 1938 320 2020 θεῷ,
356 1933 475 2017 ταύτη
512 1926 718 2016 γινέσθω’;
752 1934 877 2017 δοκεῖς,
913 1933 1093 2019 Σωκράτης
1124 1936 1156 1998 ελ

142 2035 301 2120 ἐπεθύμει
321 2036 357 2102 ἐν
376 2029 507 2126 Λυκείῳ
526 2037 547 2121 ἢ
567 2036 603 2103 έν
619 2035 800 2126 Ἀκαδημίηι
821 2039 991 2125 σχολάζειν
1009 2037 1064 2104 καλ
1083 2041 1154 2105 δια-

142 2141 301 2225 λέγεσθαι
327 2140 405 2208 καθ’
429 2141 555 2229 ἡμέραν
583 2154 652 2220 τοῖς
673 2141 777 2226 νέοις,
807 2141 952 2221 εὐκόλως
974 2143 1017 2209 ἀν
1040 2143 1154 2231 ἐστρα-

143 2249 281 2314 τεύσατο
305 2247 418 2325 ὁσάκις
440 2247 692 2332 έστρατεύσατο;
718 2247 793 2334 οὐχὶ
817 2246 847 2315 δ’
876 2247 1013 2335 ὠδύρετ’
1035 2249 1077 2316 ἀν
1100 2248 1155 2314 καλ

103 2377 129 2416 ιο
144 2356 275 2419 ἔστενεν
298 2353 409 2432 ’τάλας
431 2352 506 2438 ἐγώ,
533 2362 597 2418 νῦν
621 2351 651 2418 δ’
680 2351 795 2418 ἐνθάδ’
823 2352 932 2439 ἀτυχῶ
955 2355 1073 2430 άθλιος
1096 2356 1154 2418 δυ-

142 2459 285 2544 νάμενος
317 2458 353 2526 έν
384 2462 515 2546 Λυκείῳ
547 2457 765 2541 ἡλιάζεσθαάς
799 2467 895 2524 τοῦτο
928 2457 991 2543 γάρ
1024 2473 1085 2522 σου
1117 2459 1154 2522 τὸ
1174 2476 1208 2524 22

144 2567 244 2652 ἔργον
262 2559 316 2648 ἦν,
333 2563 542 2648 ἡλιάζεσθαις
562 2560 637 2647 οὐχὶ
658 2560 695 2628 δὲ
716 2565 753 2630 τὸ
767 2561 911 2650 εὐροεῖν,
928 2564 965 2627 τὸ
985 2561 1154 2628 ἀκώλυτον

143 2666 243 2754 εἶναι,
269 2672 306 2735 τὸ
334 2668 617 2754 ἀπαραιτόδιστονς
647 2666 701 2733 καλ
724 2680 793 2746 κῶς
815 2669 857 2734 ἀν
881 2671 929 2734 έτι
951 2662 994 2750 ἣν
1016 2667 1154 2754 Σωκρά-

143 2798 218 2860 της,
248 2777 280 2840 εί
309 2784 410 2839 ταῦτα
443 2775 588 2860 ὠδύρετο
595 2801 604 2853 ;
636 2784 705 2851 πῶς
736 2773 779 2839 ἀν
811 2777 858 2840 ἔτι
886 2773 923 2840 ἐν
954 2780 992 2857 τῇ
1023 2777 1154 2858 φυλακῇ

104 2899 130 2940 ει
143 2887 284 2956 παιᾶνας
306 2881 465 2965 ἔγραφεν;

218 3057 250 3105 15
262 3069 302 3120 sq.
322 3051 356 3106 ef.
371 3051 443 3106 Plat.
464 3021 530 3107 σου.
544 3070 571 3120 p.
587 3050 654 3108 ωε.

217 3127 300 3190 24sq.
319 3123 355 3176 cf.
373 3121 446 3176 Plat.
465 3121 569 3177 Phaed,
588 3141 616 3192 p.
632 3122 704 3189 θοᾶς
723 3121 814 3178 Laert.
828 3120 908 3191 Diog.
922 3121 961 3190 11,
976 3125 1019 3178 42.

219 3267 251 3314 11
271 3262 313 3331 ει,
332 3262 369 3332 μη
393 3265 481 3330 Wolf:
500 3264 537 3334 μὴ
558 3263 632 3319 σεε
667 3266 676 3333 η
709 3271 741 3318 12
761 3234 854 3338 (ιιι)
872 3264 936 3318 ιιι.
956 3261 1040 3317 ωτι.
1075 3264 1085 3332 η
1123 3267 1155 3318 13

146 3334 243 3401 διψεῖν
262 3333 294 3389 S:
312 3350 381 3390 corr.
401 3335 433 3395 S„
462 3336 471 3404 ΙΙ
499 3341 533 3388 14
551 3335 690 3403 λυσσάδηι
707 3335 741 3391 S:
759 3352 827 3390 corr.
843 3334 876 3394 So
903 3337 913 3405 ΙΙ
944 3331 1110 3404 ὑδροφόβαν
1124 3332 1157 3389 S:

145 3472 215 3512 συντ.
232 3473 266 3510 m.
284 3473 336 3512 rec.
368 3459 378 3526 ΙΙ
409 3463 441 3513 17
461 3457 633 3527 άκαδημείαι
651 3458 684 3514 8.·
702 3457 820 3520 τοσάδε
849 3458 859 3526 Ι]
890 3463 923 3512 25
943 3405 1067 3528 ἔγραάἀεν
1086 3455 1156 3526 S&

146 3529 404 3597 συγγενεστάτων.)
