2636 3930
172 172 237 236 222
318 174 501 226 ΑΡΡΙΑΝον
518 174 593 227 ΤΩΝ
610 175 826 226 εΠΠῑΤΗΤον
843 153 1042 228 ΔΙΑΤΡΙΒΩα

211 543 251 612 ε’.
288 549 395 633 Πρὸς
417 549 508 624 τοὺς
530 548 595 612 διὰ
618 551 740 613 νόσου
764 545 1145 633 ἀπαλλαττομένους.

134 705 149 752 1
237 691 355 773 Νοσῶ,
387 690 507 773 φησίν,
539 686 662 753 ένθᾶδε
690 686 746 753 καὶ
779 690 943 773 βούλομαι
973 688 1104 755 ἀπιέναι
1137 692 1189 768 εἰς

134 790 272 862 2οἶκον.
302 835 343 843 -
369 793 423 860 Ἐν
446 801 526 884 οἴκῳ
549 796 612 879 γὰρ
637 795 758 873 ἄνοσος
780 791 820 880 ἧς
847 797 904 873 σός
934 796 975 861 οὐ
999 806 1132 873 σκοπεῖς
1155 803 1192 860 εῖ
1257 781 1260 786 ’

169 925 199 966 τι
222 915 328 982 ποιεῖς
351 902 475 968 ἐνθάδε
497 913 564 966 τῶν
583 903 665 984 πρὸς
685 903 746 986 τὴν
763 906 959 988 προαίρεσιν
977 903 1039 986 τὴν
1058 912 1187 967 σαυτοῦ

169 1012 353 1092 φερόντων,
376 1007 421 1073 ἵν’
448 1007 687 1093 ἐπανορθωθῇ;
712 1011 744 1073 ελ
765 1005 825 1092 μέν
849 1009 912 1095 γὰρ
936 1005 1041 1094 μηδὲν
1060 1007 1185 1092 ἄνύεις,
1214 1032 1227 1072 ⁵

169 1125 332 1199 περισσῶς
357 1112 413 1179 καὶ
440 1109 551 1198 ἦλθες.
596 1116 711 1198 ἄπιθι,
744 1114 899 1199 ἐπιμελοῦ
929 1127 997 1181 τῶν
1028 1114 1064 1181 ἐν
1093 1122 1184 1205 οἴκῳ.

134 1235 150 1282 3
170 1221 202 1283 ελ
223 1219 286 1304 γὰρ
310 1220 354 1302 μὴ
378 1220 521 1284 δύναταί
540 1236 603 1286 σου
626 1222 664 1285 τὸ
687 1220 886 1304 ἡγεμονικὸν
907 1233 1000 1306 σχεῖν
1017 1223 1100 1287 κατὰ
1120 1222 1185 1305 φύ-

170 1341 237 1407 σιν,
260 1327 297 1389 τό
320 1320 350 1407 γ’
378 1323 533 1409 ἄγρίδιον
557 1327 746 1410 δυνήσεται,
769 1329 807 1391 τό
829 1350 866 1410 γε
888 1327 1065 1413 κερμάτιον
1085 1325 1184 1410 αὐξή-

170 1447 247 1506 σεις.
292 1431 350 1495 τὸν
369 1429 492 1516 πατέρα
510 1433 761 1516 γηροκομήσεις,
780 1429 818 1497 έν
835 1441 873 1517 τῇ
894 1432 1000 1520 ἄγορᾷ
1019 1433 1183 1516 ἀναστρα-

169 1541 271 1622 φήσῃ,
294 1535 414 1620 ἄρξεις·
437 1540 537 1615 κακὸς
559 1548 666 1615 κακῶς
684 1541 720 1602 τί
738 1559 817 1604 ποτε
838 1541 988 1622 ποιήσεις
1010 1549 1077 1604 τῶν
1100 1536 1183 1621 ἑξῆς.
1199 1563 1225 1602 ιο

133 1644 201 1707 λεί
223 1639 259 1707 δέ
283 1647 548 1728 παρακολουθεῖς
572 1652 698 1731 σαυτῷ,
729 1644 779 1709 ὅτι
807 1643 1006 1729 ἄποβᾶλλεις
1028 1643 1104 1709 τινὰ
1127 1644 1184 1709 δό-

169 1772 277 1832 γματα
299 1755 412 1834 φαῦλα
434 1749 492 1834 καὶ,
512 1751 595 1815 ἄλλα
619 1746 691 1814 ἄντ’
718 1750 828 1814 αὐτῶν
856 1749 1101 1835 ἄναλαμβᾶνεις
1127 1748 1183 1815 καὶ

168 1855 229 1937 τὴν
253 1864 377 1921 σαυτοῦ
400 1855 517 1920 στᾶσιν
535 1851 768 1939 μετατέθεικας
786 1853 849 1920 ἀπὸ
868 1867 936 1921 τῶν
956 1854 1183 1943 ἀπροαιρέτων

170 1957 223 2024 ἐπὶ
246 1960 285 2024 τὰ
308 1960 530 2044 προαιρετικαί,
558 1961 622 2024 κᾶν
645 1956 716 2025 ποτ’
746 1966 839 2046 εἴπῃς
862 1961 989 2046 “οῖμοι’,
1011 1961 1052 2026 οὐ
1076 1959 1184 2045 λέγεις

170 2065 226 2128 διδι
249 2066 309 2129 τὸν
330 2061 470 2149 πατέρα,
499 2065 600 2149 <διᾶ>
626 2067 685 2132 τὸν
713 2065 876 2151 ἀδελφόν,
906 2066 990 2133 ἀλλὰ
1013 2064 1070 2131 “δι’
1098 2065 1184 2152 ἐμέ’,
1199 2092 1225 2132 15

134 2186 149 2234 5
170 2171 217 2234 ἐτι
240 2169 419 2256 ὑπολογίζῃ
437 2173 555 2250 νόσους
580 2171 642 2237 οὐκ
661 2168 765 2257 οἶδας,
784 2172 834 2238 ότι
855 2170 910 2237 καὶ
929 2176 1029 2251 νόσος
1046 2171 1101 2238 καὶ
1120 2173 1184 2239 θᾶ-

168 2299 268 2353 νατος
284 2281 482 2362 καταλαβεῖν
506 2277 590 2362 ἡμᾶς
614 2278 808 2363 ὀφείλουσλν
831 2282 866 2344 τί
886 2300 965 2344 ποτε
987 2289 1182 2359 ποιοῦντας;

168 2384 228 2449 τὸν
242 2386 392 2468 γεωργὸν
407 2393 619 2470 γεωργοῦντα
632 2385 934 2471 καταλαμβάνουσι,
949 2388 1009 2452 τὸν
1023 2387 1183 2452 ναυτικὸν

133 2508 149 2556 6
168 2489 319 2557 πλέοντα.
366 2493 407 2557 σὺ
430 2493 465 2555 τί
483 2487 596 2567 θέλεις
622 2501 729 2557 ποιῶν
751 2497 1019 2577 καταληφθῆναι;
1049 2495 1084 2557 τί
1102 2512 1183 2558 ποτε

168 2593 229 2681 μὲν
253 2599 316 2680 γὰρ
339 2597 500 2664 ποιοῦντά
528 2613 565 2662 σε
593 2598 647 2661 δεῖ
673 2604 935 2682 καταληφθῆναι.
981 2605 1016 2663 ελ
1038 2621 1070 2662 τι
1098 2601 1183 2684 ἔχεις
1197 2622 1226 2662 εο

168 2705 289 2768 τούτου
308 2714 464 2788 κρεῖσσον
486 2713 593 2768 ποιῶν
616 2709 881 2788 καταληφθῆναι,
904 2707 992 2771 ποίει
1014 2703 1132 2770 ἐκεῖνο.

135 2824 150 2872 7
231 2805 324 2891 Ἐμοὶ
351 2805 413 2892 μὲν
440 2810 503 2894 γὰρ
526 2813 781 2893 καταληφθῆναι
804 2810 934 2894 γένοιτο
959 2812 1102 2895 μηδενὸς
1125 2811 1182 2875 ἄλ-

168 2917 230 2978 λου
258 2911 504 3002 ἐπιμελουμένῳ
532 2915 553 2998 ἣ
581 2923 638 2999 τῆς
664 2915 886 3002 προαιρέσεως
917 2927 973 3002 τῆς
1005 2915 1101 3002 ἐμῆς,
1132 2915 1177 2983 ἵν’

167 3017 310 3101 ἀπαθής,
328 3015 373 3082 ἵν’
390 3017 569 3103 ἀκώλυτος,
588 3017 630 3085 ἄν’
655 3020 913 3110 ἄνανᾶγκαστος,
931 3021 975 3088 ἵν’
994 3023 1180 3109 ἐλεύθερος.

133 3141 149 3190 8
168 3133 271 3190 ταῦτα
291 3121 494 3207 ἐπιτηδεύων
512 3122 602 3190 θέλω
622 3125 813 3212 εὑρεθῆναι,
836 3126 881 3194 ἄν’
902 3130 1007 3195 εἰπεῖν
1029 3131 1180 3215 δύνωμαι
1195 3149 1223 3190 2⁵

167 3249 382 3258 ——n———n

241 3322 255 3367 1
276 3311 537 3383 ἄπαλλαττομένους
558 3333 585 3370 8:
607 3314 854 3386 πλαττομένουςδ
892 3322 901 3388 ΙΙ
942 3314 1012 3388 3ἦς
1030 3320 1053 3375 S
1072 3323 1181 3389 (sedin

168 3384 186 3451 ἠ
205 3386 295 3439 nescio
314 3386 382 3454 ςνίιῖ
400 3401 468 3439 τοτα.
489 3385 545 3454 δεῖ·
565 3383 593 3440 εἷ
607 3388 649 3441 vel
667 3381 776 3455 ἦσθαε
812 3391 820 3457 ΙΙ
852 3393 868 3441 9
887 3389 1095 3460 γηρωκομήσεις
1113 3391 1147 3452 θα
1172 3393 1181 3464 Η

170 3459 203 3506 12
223 3451 284 3506 ἄλλ’
306 3457 340 3508 S:
359 3471 459 3509 eorm
490 3459 500 3523 ΙΙ
532 3462 564 3510 15
588 3456 680 3530 (διὰ)
698 3458 750 3511 ι’κε,
775 3473 788 3510 s
819 3460 828 3525 ΙΙ
860 3464 894 3512 20
913 3459 964 3529 μὲν
988 3462 1072 3516 dtas
1103 3463 1113 3530 fl
1144 3467 1179 3516 23

170 3521 388 3594 ἐπιμελουμένου
412 3524 444 3581 S:
462 3541 531 3580 σοιν.
550 3543 564 3580 8
