2650 3930
186 179 249 245 128
328 182 511 237 APPIANOT
529 181 604 236 ΤΩΝ
621 181 840 234 ΕΠΙΚΤΗΤΟΤ
857 181 1053 234 ΔΙΑΤΡΙΒΩΝ

184 346 278 426 φησί,
293 344 456 425 λογικὸν
474 346 634 427 θνητόν.
652 379 689 389 -
706 341 824 420 Εὐθὺς
838 341 875 408 ἐν
893 367 938 408 τι
958 346 1079 430 λογικςθ
1093 343 1197 407 τίνων

184 452 407 536 χωριζόμεθα;
436 487 478 498 -
507 454 581 514 Τῶν
610 452 752 535 θηρίων.
778 485 817 498 -
842 447 909 514 Καὶ
938 452 1041 515 τίνων
1068 450 1197 526 ἀλλους

149 569 225 618 3-
255 560 329 621 Τῶν
352 555 528 642 προβάτων
555 553 610 620 καὶ
640 565 707 621 τῶν
734 555 870 639 ὁμοίων.
895 591 933 601 -
955 549 1038 640 Ὅρα
1066 548 1128 619 οὖν
1151 555 1197 638 μή

183 686 215 727 τι
236 684 306 739 ποις
333 663 377 740 ὡς
403 666 527 749 θηρίον
549 662 701 749 ποιήσῃς·
729 663 761 727 εί
787 659 825 727 δὲ
851 662 911 746 μή,
940 659 1111 737 ἀπώλεσας
1137 661 1197 726 τὸν

183 768 382 854 ἄνθρωπον,
411 768 473 834 ούκ
502 766 693 854 ἐπληρωσας
719 770 781 853 την
809 766 1017 852 ἐπαγγελίαν.
1062 765 1124 852 ὅρα
1151 767 1196 850 μή
1226 786 1240 826 ⁵

182 877 219 938 τί
238 874 283 952 ὡς
305 878 486 962 πρόβατον·
515 875 547 938 εί
568 870 689 958 δὲμη,
715 872 771 939 καλ
799 873 905 951 οὕτως
926 871 1073 939 ἀπώλετο
1096 871 1115 937 ὁ
1139 871 1197 937 ἀν-

148 985 328 1066 αθρυπος.
377 984 452 1046 τίνα
480 974 543 1046 οὖν
569 989 730 1064 ποιοῦμεν
762 980 806 1057 ὡς
837 981 1000 1066 πρόβατα;
1032 977 1112 1043 ὅταν
1139 987 1198 1062 τῆς

184 1087 328 1171 γαστρὸς
346 1085 455 1170 ἕνεκα,
477 1085 557 1150 ὅταν
575 1096 642 1151 τῶν
661 1087 811 1170 αἰδοίων,
835 1085 915 1151 ὅταν
934 1086 1017 1170 εἰκῇ,
1040 1083 1120 1149 ὅταν
1138 1083 1197 1170 ῥυ-

118 1266 125 1275 .
183 1201 308 1275 παρῶς,
331 1189 411 1255 ὅταν
434 1188 708 1275 ἀνεπιστρίπτοις,
729 1200 796 1256 ποῦ
819 1188 1055 1274 ἀπεκλίναμεν;
1080 1187 1134 1254 ἐπὶ
1156 1190 1198 1254 τά

149 1309 164 1357 5
183 1297 342 1380 πρόβατα.
388 1298 423 1360 τί
442 1294 672 1381 ἀπωλέσαμεν;
695 1299 733 1363 τὸ
752 1300 898 1381 λογικόν.
943 1296 1024 1362 ὅταν
1050 1299 1198 1382 μαχίμοις
1213 1316 1240 1357 ιο

184 1397 239 1464 καὶ
262 1403 432 1487 βλαβερῶς
453 1399 509 1466 καί
531 1407 683 1486 θνμικῶς
704 1401 760 1468 καλ
789 1401 950 1486 ἀιστικῶς,
977 1411 1042 1469 ποῦ
1066 1401 1198 1467 ἀπεκλί-

149 1523 303 1590 6ναμεν;
336 1505 389 1572 ἐπὶ
415 1508 455 1573 τὰ
482 1511 595 1594 θηρία.
646 1510 764 1575 λοιπὸν
797 1510 833 1575 οί
856 1506 917 1594 μὲν
944 1509 1039 1594 ἡμῶν
1071 1508 1199 1593 μεγάλα

183 1615 288 1696 θηρία
310 1614 412 1698 εἰσίν,
442 1615 478 1680 οί
499 1610 536 1679 δὲ
563 1617 703 1701 θηρίδια
730 1617 880 1699 κακοήθη
910 1612 965 1681 καὶ
996 1614 1110 1701 μικρά,
1141 1610 1193 1700 ἐφ’

150 1711 233 1783 ἰὧν
260 1720 350 1784 ἔστιν
378 1721 483 1785 είπείν
506 1718 603 1786 ’λέων
631 1743 671 1804 με
697 1718 753 1786 καί
780 1718 932 1806 φαγέτω.’
978 1721 1034 1785 διδ
1062 1720 1200 1786 πάντων

185 1820 222 1889 δὲ
257 1826 386 1892 τούτων
421 1826 604 1892 ἀπόλλυται
640 1825 660 1909 ἡ
697 1835 757 1892 τοῦ
794 1825 978 1912 ἀνθρώπου
1012 1824 1198 1909 ἐπαγγελία.
1215 1846 1241 1887 15

150 1933 264 1996 επότε
286 1932 349 2016 γάρ
374 1928 508 2019 σχίζεται
532 1931 841 2016 συμπεπλεγμένονς
870 1931 949 1999 ὅταν
976 1934 1037 2018 τὴν
1061 1931 1199 2015 ε’παγγε-

185 2038 261 2101 λίαν
289 2036 459 2123 πληρώση,
483 2037 565 2102 ὥστε
587 2041 731 2124 σωτηρία
755 2037 1048 2124 συμπεπλεγμένου
1071 2036 1141 2104 ἐστὶ
1160 2039 1198 2104 τὸ

185 2139 218 2219 ἐξ
251 2139 390 2225 ἀληθῶν
422 2141 681 2228 συμπεπλέχθαι.
731 2146 810 2209 πότε
840 2141 1083 2229 διεζευγμένον;
1117 2143 1199 2210 ὅταν

184 2246 245 2330 τὴν
263 2245 461 2331 ἐπαγγελίαν
479 2249 647 2336 πληρώση.
683 2251 762 2314 πότε
782 2249 890 2334 αὐλοί,
908 2253 987 2316 πότε
1006 2251 1102 2336 λύρα,
1118 2252 1198 2315 πότε

150 2369 165 2416 9
185 2353 295 2437 λππος,
317 2357 395 2420 πότε
418 2355 524 2433 κύτους
554 2358 590 2421 τί
610 2349 672 2421 οὖν
693 2359 906 2440 θαυμαστόν,
936 2358 967 2421 εί
987 2353 1041 2421 καὶ
1064 2357 1198 2441 ἀνθρυ-
1213 2375 1241 2414 20

134 2473 167 2524 10
185 2480 247 2537 πος
264 2460 421 2538 ὡσαύτως
439 2457 500 2546 μὲν
514 2458 648 2549 σχίζεται
666 2461 823 2539 ὡσαύτως
841 2458 870 2526 δ’
889 2460 1084 2541 ἀπόλλυται;
1105 2461 1199 2541 αὔξει

187 2562 217 2631 δ’
240 2565 377 2633 ἕκαστον
400 2565 455 2633 καὶ
478 2565 573 2656 σχάζει
595 2568 635 2633 τὰ
655 2568 842 2652 κατάλληλα
864 2571 956 2654 ἔργα·
979 2570 1038 2635 τὸν
1061 2566 1197 2635 τέκτονα

185 2671 226 2736 τὰ
251 2673 438 2756 τεκτονικά,
470 2675 530 2740 τὸν
557 2675 784 2760 γραμματικὸν
811 2675 851 2740 τά
883 2674 1097 2761 γραμματικά.
1153 2671 1195 2740 διν

187 2772 217 2840 δ’
240 2774 338 2862 ἐθίσῃ
355 2779 497 2863 γράφειν
515 2778 743 2866 ἀγραμμάτοις,
765 2779 892 2865 ἀνάγκη
910 2783 1196 2866 καταφθείρεσθαι

134 2896 167 2945 11
186 2878 241 2946 καὶ
264 2881 474 2949 ἀπόλλυσθαι
495 2886 556 2969 τὴν
579 2884 706 2972 τέχνην.
752 2886 839 2953 οὕτω
862 2888 922 2953 τὸν
945 2882 1006 2971 μὲν
1031 2887 1197 2971 αἰδήμονα
1210 2904 1237 2945 2⁵

188 2983 285 3075 σῴζει
307 2989 348 3052 τά
371 2988 535 3072 αίδήμονα
558 2991 650 3077 ἔργα,
673 2989 831 3058 ἀπολλύει
855 2988 893 3056 δὲ
914 2991 954 3056 τά
977 2990 1111 3075 ἀναιδῆ·
1138 2993 1198 3058 τὸν

73 3177 77 3184 ἡ
135 3109 168 3158 12
188 3089 226 3157 δὲ
242 3095 361 3159 πιστὸν
378 3095 419 3159 τά
442 3096 541 3161 πιστά
559 3093 614 3161 καὶ
632 3097 672 3172 τά
692 3095 824 3164 ἐναντία
843 3097 1010 3164 ἀπολλύει.
1045 3096 1199 3177 καὶτοὺς

187 3198 359 3276 ἐναντίους
381 3199 482 3265 πάλιν
504 3199 637 3279 ε’παύξει
660 3203 699 3267 τὰ
722 3201 868 3270 ἐναντία·
894 3205 952 3270 τὸν
975 3201 1199 3290 ἀναίσχυντον

259 3387 348 3513 θδχα
366 3391 414 3450 80:
437 3389 534 3459 ἀραδ
570 3393 580 3461 ζ
620 3392 826 3462 λποιήσηιςιὸ*
850 3394 908 3462 (sed
930 3395 976 3462 οιή
994 3413 1063 3451 corr.
1083 3414 1101 3450 a
1119 3395 1161 3464 St»)
1190 3398 1199 3468 λλ

189 3465 221 3512 13
241 3453 288 3527 ἀφ’
328 3460 454 3526 onlf:
472 3457 623 3530 ἀφ’ὦνθ
653 3467 663 3532 ΙΙ
694 3469 728 3517 20
747 3461 861 3534 ούνδτ,
881 3466 954 3522 ahs
983 3469 992 3535 ΙΙ
1025 3472 1058 3520 22
1078 3461 1199 3536 ἑκάστην

187 3528 222 3583 S:
240 3546 309 3585 corr.
333 3530 413 3598 Wolf
