2626 3924
169 205 236 268 364
316 203 500 256 ΑΡΡΙΑαου
518 203 591 255 ΤΩΝ
610 203 827 256 αιιικειεεοτ
844 203 1039 256 maman

168 368 247 450 είμί,
269 363 353 430 ἀλλὰ
377 364 484 450 ὀρθὸν
508 365 615 449 δόγμα
639 367 702 449 ἔχω
725 361 798 450 περὶ
822 367 945 442 πενίας.
989 366 1025 430 τί
1040 357 1104 431 οὖν
1128 389 1190 449 μοι

169 468 277 555 μέλει,
304 476 338 535 εί
356 468 389 555 μ’
418 469 472 536 ἐπὶ
493 479 533 557 τῇ
556 473 655 558 πενία
678 469 843 550 ἐλεοῦσινς
869 472 930 537 οὐκ
957 472 1059 557 ἄρχω,
1089 471 1189 537 ἄλλοι

170 571 202 641 δ’
229 578 397 662 ἄρχουσιν.
444 574 516 643 ἀλλ’
544 577 562 643 ὃ
585 579 640 643 δεῖ
659 575 891 663 ὑπειληφέναι,
918 578 1086 661 ὑπείληφα
1109 573 1190 662 περὶ

169 693 229 748 τοῦ
252 684 366 771 ἄρχειν
392 682 448 749 καὶ
475 685 520 769 μὴ
547 685 671 771 δίρχειν.
718 687 857 764 ὄψονται
880 684 916 750 οί
940 679 1111 759 έλεοῦντές
1134 706 1189 767 με,
1287 697 1290 846 ρ

116 803 150 853 23
171 787 235 872 ἐγὼ
259 787 289 855 δ’
317 791 393 856 οὔτε
415 800 518 858 πεινῶ
542 791 619 856 οὔτε
638 791 725 870 διψῶ
744 791 820 856 οὔτε
840 790 936 877 ῥιγῶ,
959 786 1030 856 ἀλλ’
1053 785 1114 873 ἀφ’
1137 782 1188 855 ὧν
1215 815 1227 854 5

170 895 265 963 αὐτοὶ
292 908 451 964 πεινῶσιν
478 895 498 979 ἢ
528 897 671 975 διψῶσιν
699 903 827 964 οίονται
849 894 941 980 κάμέ.
986 897 1021 960 τί
1041 890 1104 962 οὖν
1126 895 1191 960 αὐ-

114 1035 117 1041 ·
169 1014 238 1082 τοις
268 1006 413 1088 ποιήσως
444 1006 698 1090 περιερχόμενος
728 1005 884 1091 κηρύσσω
916 999 973 1068 καὶ
1003 999 1102 1085 λέγω·
1140 1003 1189 1087 μὴ

168 1115 354 1193 πλανᾶσθε,
377 1110 507 1194 ἄνδρες,
530 1105 603 1194 ἐμοὶ
626 1114 734 1186 καλῶς
757 1108 860 1175 ἐστιν·
884 1109 959 1175 οὔτε
982 1110 1098 1185 πενίας
1116 1106 1191 1173 ἐπι-

170 1219 352 1303 στρέφομαι
379 1216 455 1280 οὔτε
483 1214 640 1302 ἀναρχίας
667 1217 743 1282 οὔτε
771 1215 882 1292 ἁπλῶς
912 1216 1016 1281 ἄλλου
1046 1213 1191 1291 οὐδενὸς

169 1321 190 1404 ἢ
214 1321 389 1405 δογμάτων
412 1320 540 1405 ὀρθῶν·
563 1329 666 1388 ταῦτα
690 1323 753 1408 ἔχω
775 1320 938 1404 ἀκῶλυτα,
968 1319 1107 1396 οὐδενὸς
1129 1341 1189 1385 πε-
1204 1349 1230 1387 ιο
1294 1317 1295 1392 λ

117 1440 152 1488 24
170 1429 333 1512 φρόντικα
351 1428 408 1492 έτι.
444 1425 499 1492 καὶ
517 1429 567 1504 τίς
585 1426 667 1511 αὕτη
686 1429 847 1513 φλυαρίας
866 1437 937 1504 πῶς
955 1428 1003 1492 ἔτι
1022 1427 1110 1512 ὀρθδ
1129 1427 1190 1492 δό-
1295 1421 1296 1504 λ

169 1556 277 1618 γματα
295 1536 357 1619 ἔχω
377 1533 421 1617 μὴ
441 1532 645 1620 ἀρκούμενος
662 1541 708 1621 τῷ
727 1529 813 1598 εἶναι
832 1533 869 1610 ὅς
883 1535 962 1618 είμι,
979 1529 1052 1598 ἀλλ’
1070 1530 1190 1617 έπτοη-
1296 1523 1297 1582 λ

171 1637 270 1724 μένος
291 1636 376 1725 ὑπὲρ
399 1648 459 1705 τοῦ
482 1641 622 1731 δοκείνςΙ

117 1759 152 1809 25
234 1742 322 1812 Ἀλλ’
344 1747 440 1812 ἄλλοι
462 1748 629 1812 πλείονων
646 1744 817 1824 τεύξονται
839 1743 894 1811 καὶ
917 1748 1190 1830 προτιμηθήσον-

170 1876 233 1917 ται.
259 1890 298 1900 -
328 1855 370 1917 Τί
390 1846 453 1917 οὖν
476 1852 702 1939 εὐλογώτερον
724 1850 746 1935 ἢ
769 1856 848 1930 τοὺς
869 1857 948 1938 περί
967 1876 999 1917 τι
1022 1850 1190 1917 ἐσπουδα-
1204 1877 1228 1916 1⁵

170 1960 268 2032 κότας
287 1956 323 2022 έν
342 1955 458 2044 έκείνφ
475 1961 591 2023 πλεῖον
610 1959 708 2041 ἔχειν,
728 1951 809 2046 ένῷ
831 1955 1090 2035 ἐσπουδάκασιν;
1109 1957 1190 2044 περὶ

171 2062 273 2147 ιἰρχδις
299 2060 537 2145 ἐσπουδάκασι,
567 2064 608 2128 σὺ
635 2060 712 2145 περὶ
739 2064 900 2148 δόγματα·
928 2062 983 2128 καλ
1011 2062 1089 2148 (ov)
1109 2062 1190 2149 περὶ

117 2182 151 2231 26
170 2172 332 2251 πλοῦτον,
363 2170 404 2232 σὺ
431 2164 508 2251 περὶ
535 2169 596 2252 τὴν
622 2177 741 2256 χρῆσιν
769 2178 836 2235 τῶν
861 2180 1065 2255 φαντασιῶν.
1112 2169 1189 2257 ὅρα,

171 2275 203 2339 εί
224 2271 260 2338 έν
282 2275 389 2362 τούτῳ
409 2290 471 2339 σου
489 2272 591 2341 πλέον
615 2277 762 2361 ἔχουσιν,
784 2274 860 2362 περὶ
882 2275 901 2341 δ
920 2279 961 2341 σὺ
981 2272 1042 2360 μὲν
1065 2275 1188 2342 ἐσπού-

168 2381 282 2464 δακας,
305 2379 426 2446 ἐκείνοι
449 2377 479 2445 δ’
508 2380 701 2466 ἀμελοῦσιν·
730 2384 762 2446 εί
784 2385 1080 2466 συγκατατίθενται
1103 2387 1188 2467 μᾶλ-
1202 2407 1229 2447 εο

171 2493 231 2553 λον
259 2484 335 2573 περὶ
362 2489 401 2552 τδι
428 2488 553 2572 φυσικδ
576 2485 693 2574 μίτρα,
720 2488 752 2554 εί
777 2487 956 2574 ὀρέγονταί
975 2505 1038 2555 σου
1060 2487 1187 2556 ἀναπο-

169 2596 399 2680 τευκτότερον,
431 2595 462 2658 εί
492 2590 703 2661 ἐκκλίνουσιν
734 2593 1054 2681 ἀπεριπτωτότερον,
1085 2597 1117 2660 εί
1147 2593 1187 2661 έν

170 2697 319 2784 ἐπιβολῇ,
338 2698 375 2764 έν
389 2697 559 2784 προθέσει,
580 2701 636 2781 [εί]
658 2698 695 2765 έν
709 2700 794 2786 ὁρμῇ
813 2705 941 2784 μᾶλλον
957 2701 1187 2786 εὐστοχοῦσιν,

170 2806 202 2868 εί
222 2806 260 2870 τὸ
282 2803 409 2889 πρέπον
428 2802 591 2893 σφ’ζονσιν
609 2806 653 2882 ὡς
675 2806 806 2891 ἄνδρες,
829 2807 874 2884 ῶς
893 2808 973 2889 υίοί,
996 2807 1041 2884 ὡς
1062 2817 1187 2892 γονείς,

116 2924 150 2974 27
170 2904 235 2975 εἶθ’
264 2906 337 2992 ἑξῆς
358 2911 440 2974 κατὰ
462 2912 502 2975 τὰ
525 2912 608 2976 ἄλλα
631 2919 698 2977 τῶν
725 2911 869 2997 σχέσεων
897 2912 1051 2998 ὀνόματα.
1097 2915 1128 2978 εί
1150 2911 1181 2979 δ’
1201 2935 1229 2976 τε

171 3014 333 3098 ἄρχουσιν
361 3013 498 3099 ἐκείνοι,
525 3019 567 3081 σὺ
596 3013 626 3081 δ’
654 3019 712 3099 οὔ,
739 3019 825 3103 <οὐ>
852 3017 963 3096 θέλεις
990 3028 1100 3106 σαυτῷ
1127 3021 1187 3097 τὰς

170 3157 384 3166 ----.-

244 3245 277 3294 14
288 3256 348 3309 sqq.
368 3241 403 3298 cf.
422 3241 511 3298 Eneh.
529 3249 572 3313 25,
588 3249 612 3312 1,
627 3251 643 3297 2
659 3246 689 3299 οδ
703 3250 745 3315 19,
761 3251 786 3300 2.

243 3419 258 3466 3
278 3412 458 3482 δπηληφέναι
477 3416 511 3470 S:
530 3434 599 3472 corr.
618 3418 651 3479 Sa
692 3422 703 3488 λ
745 3426 777 3475 17
797 3420 845 3474 καλ
862 3419 932 3546 (οᾷ
952 3422 1064 3491 scripsi:
1082 3421 1130 3476 καλ
1149 3423 1186 3487 S,-

173 3475 276 3536 ἐκεῖνοι
296 3482 394 3537 Οοναεε
424 3487 434 3551 ΙΙ
466 3489 500 3537 22
519 3487 745 3560 δπεριπτῶτερον
764 3490 798 3544 S:
816 3507 884 3546 corr.
924 3521 934 3552 ε
968 3495 978 3562 ΙΙ
1013 3498 1047 3546 23
1067 3490 1119 3563 [εί]
1138 3494 1184 3547 de·

172 3552 240 3618 λιυι·,·
264 3549 291 3605 εί
307 3559 370 3608 ante
389 3546 420 3606 ἐν
438 3553 574 3623 προθέσει
592 3559 691 3614 adds
722 3563 732 3628 ΙΙ
763 3565 797 3614 26
816 3559 892 3632 <οί>
911 3563 974 3617 αδδ.
994 3559 1079 3618 δαίετο.
