2626 3924
199 235 265 302 326
346 237 530 290 ΔΡΡΙΑΝΟΤ
548 238 622 290 ΤΩΝ
640 238 858 290 ΕΠΙΚΤΗΤΟΤ
875 239 1071 291 ΔΙΑΤΡΙΒΩΝ

197 408 267 473 πῶς
290 413 326 462 σε
354 397 511 476 κωλύσει;
535 435 577 444 -
602 397 775 482 Οὐδαμῶς.
802 435 841 446 -
871 403 928 476 Τίς
949 394 1012 465 οὖν
1035 415 1091 465 σοι
1115 397 1224 484 λε’γει,

200 503 250 568 ὅτι
274 503 293 569 ὁ
315 513 383 568 τῶν
405 500 590 589 ἀλλοτρίων
613 504 811 591 ὀρεγόμενος
834 502 1003 583 ἀκώλυτός
1027 505 1136 584 ἑστιν;

147 633 181 683 ‘16
261 607 389 692 Ὑγείας
412 605 475 676 οὖν
497 611 542 694 μὴ
566 609 745 697 ὀρέγωμαι;
772 648 812 658 -
836 612 1022 697 Μηδαμῶς,
1052 608 1132 697 μηδ’
1166 613 1226 676 άλ-

147 739 180 788 ττ
201 719 262 782 λου
294 714 472 801 ἀλλοτρίου
504 717 655 801 μηδενός.
713 717 731 782 ὀ
763 718 826 803 γὰρ
859 718 922 783 οὐκ
951 720 1042 784 ἔστιν
1075 717 1131 783 ἐπὶ
1170 716 1227 782 σοὶ

199 824 447 909 παρασκευάσαι
475 822 495 906 ἢ
523 831 664 910 τηρῆσαι
687 823 740 888 ὅτε
763 822 885 907 θέλεις,
913 833 1011 889 τοῦτο
1035 822 1227 910 ἀλλότριόν
1250 843 1259 880 ⁵
1298 807 1300 888 f

200 928 279 995 ἐστι.
325 930 454 1016 μακρὰν
482 925 535 992 ἀπ’
564 928 669 995 αὐτοῦ
696 929 738 994 οὐ
768 931 874 1013 μόνον
896 930 954 1005 τὰς
975 941 1104 1015 χεῖρας,
1133 929 1227 994 ἀλλὰ

199 1039 285 1103 πολὺ
308 1039 471 1122 πρότερον
492 1036 554 1119 τὴν
578 1034 703 1122 ὄρεξιν·
732 1037 763 1101 el
785 1031 822 1099 δὲ
845 1038 902 1120 μή,
924 1033 1119 1121 παρέδωκας
1138 1054 1227 1101 σαυ-

199 1143 259 1207 τόν
278 1143 415 1224 δοῦλον,
432 1138 603 1225 ὑπέθηκας
620 1143 680 1206 τὸν
699 1142 875 1227 τράχηλον,
894 1140 936 1207 ἀν
952 1142 1133 1226 θαυμάσῃς
1152 1154 1227 1208 τῶν

201 1249 245 1332 μὴ
269 1258 339 1312 σῶν
362 1241 388 1334 ᾧ
410 1269 477 1311 τινι
501 1247 544 1312 ἂν
566 1258 633 1312 τῶν
655 1248 863 1312 ὑπευθύνων
880 1246 936 1314 καὶ
954 1254 1093 1332 θνητῶν
1113 1266 1227 1334 προσ·

149 1374 182 1423 τε
201 1358 322 1437 παθῇς.
340 1389 383 1400 -
401 1349 450 1416 Ἡ
466 1351 538 1438 χεὶρ
563 1353 624 1419 οὐκ
647 1356 738 1419 ἔστιν
761 1353 836 1437 ἐμάς
855 1393 899 1402 -
916 1352 1031 1438 Μέρος
1054 1352 1125 1420 ἐστὶ
1146 1358 1225 1437 σόν,
1239 1372 1260 1410 1⁰

201 1458 301 1542 φύσει
325 1454 363 1523 δὲ
383 1461 497 1544 πηλός,
520 1462 683 1542 κωλυτόν,
706 1458 927 1543 ἀναγκαστόν,
950 1461 1076 1525 δοῦλον
1094 1463 1226 1538 παντὸς

17 1647 19 1651 ¹
150 1587 183 1635 79
203 1574 263 1630 τοῦ
296 1563 519 1653 ἰσχυροτέρου.
569 1563 625 1630 καλ
658 1568 694 1631 τί
723 1583 775 1632 σοι
805 1563 891 1650 λέγω
923 1577 1031 1652 χειρα;
1064 1566 1149 1632 ὅλον
1183 1569 1222 1634 τὸ

200 1682 293 1756 σῶμα
321 1672 427 1749 οὕτως
454 1673 541 1757 ἔχειν
570 1688 606 1736 σε
631 1673 685 1736 δεῖ
709 1672 754 1748 ὡς
782 1671 920 1759 ὀνάριον
943 1669 1223 1756 ἐπισεσαγμένον,
1299 1693 1300 1710 ’

200 1776 250 1862 ἐφ’
279 1778 361 1844 ὅσον
388 1777 430 1844 διν
458 1769 532 1844 οἷόν
554 1801 589 1842 τε
612 1771 651 1863 ᾗ,
679 1775 731 1862 ἐφ’
758 1778 840 1844 ὅσον
867 1777 910 1843 ἀν
934 1778 1085 1843 διδῶται·
1115 1777 1161 1843 ἂν
1187 1775 1218 1844 δ’

200 1883 359 1970 ἀγγαρεία
382 1878 404 1970 ᾗ
426 1882 483 1950 καὶ
507 1884 706 1970 στρατιώτης
729 1882 941 1969 ἐπιλάβηται,
964 1885 1062 1968 ἀφες,
1089 1884 1135 1968 μὴ
1163 1883 1256 1950 civ-1⁵

199 1993 319 2053 τίτεινε
342 1984 426 2072 μηδὲ
448 1992 599 2073 γόγγυζε·
630 1991 661 2054 el
684 1985 722 2054 δό
743 1991 804 2074 μή,
826 1991 954 2074 πληγὰς
975 1990 1090 2074 λαβὼν
1116 1987 1221 2056 οὐδὲν

149 2116 184 2164 80
203 2087 302 2176 ἧττον
325 2092 459 2172 ἀπολεῖς
481 2095 536 2161 καὶ
554 2098 592 2162 τό
611 2095 758 2182 ὀνάριον.
804 2095 885 2160 ὅταν
904 2092 942 2160 δὲ
959 2097 1042 2181 πρὸς
1064 2097 1104 2161 τὸ
1125 2108 1222 2181 σῶμα
1298 2121 1299 2205 η

203 2198 308 2276 οὕτως
331 2201 418 2285 ἔχειν
441 2218 478 2266 σε
501 2200 571 2288 δέη,
595 2203 658 2287 ὅρα
680 2205 715 2267 τί
734 2199 943 2267 ἀπολείπεται
966 2198 1102 2289 περὶτὰ
1122 2203 1223 2285 ἄλλα,

202 2305 264 2371 ὅσα
291 2316 351 2372 τοῦ
375 2307 525 2390 σώματος
551 2307 648 2373 ἕνεκα
670 2307 957 2395 παρασκευάζεται.
1003 2307 1085 2372 ὅταν
1108 2306 1222 2374 ἐκεῖνο
1297 2341 1298 2418 η

202 2412 341 2500 ὀνάριον
363 2405 396 2498 ᾖ,
419 2406 521 2478 τᾶλλα
545 2417 670 2496 γίνεται
693 2413 870 2500 χαλινάρια
891 2422 952 2478 τοῦ
975 2413 1129 2500 ὀναρίου,
1157 2431 1220 2478 σα-
1233 2433 1254 2473 ιο

200 2520 338 2604 γμάτια,
364 2518 588 2604 ὑποδημάτια,
620 2522 752 2606 κριθαί,
782 2523 910 2607 χόρτος.
960 2520 1042 2603 ἀφες
1067 2518 1222 2605 κάκεῖνα,

202 2625 325 2691 άπόλυε
348 2633 475 2691 θᾶττον
497 2623 553 2690 καὶ
576 2624 802 2710 εὐκολώτερον
824 2625 844 2710 ἢ
868 2627 905 2690 τό
929 2625 1076 2712 ὀνάριον.

148 2751 182 2801 81
269 2729 335 2796 Καὶ
358 2733 482 2816 ταύτην
500 2733 561 2816 τὴν
579 2734 793 2818 παρασκευὴν
810 2731 1144 2819 παρασκευασάμενος
1162 2732 1220 2798 καὶ
1296 2729 1297 2749 ’

201 2837 263 2919 τὴν
285 2836 426 2919 άσκησιν
449 2837 594 2920 ἀσκήσας
612 2839 651 2903 τδι
670 2836 828 2924 ἀλλότρια
848 2836 913 2903 ἀπό
936 2848 1003 2902 τῶν
1022 2839 1121 2902 ἰδίων
1146 2841 1220 2904 δια·

1294 1953 1299 1994 1

272 3068 360 3130 4sqq.
379 3061 414 3116 of.
433 3062 520 3119 Ench.
542 3070 583 3133 14,
598 3071 628 3120 2:
652 3065 726 3128 ὅστις
745 3061 795 3120 οόν
814 3061 964 3134 ἐλεύθερος
982 3061 1057 3119 εἷναι
1075 3064 1218 3136 βοόλειαι,
1291 3059 1295 3100 ⁴

199 3132 269 3224 μήτε
287 3130 393 3224 θελόρω
412 3154 439 3189 τι
458 3134 525 3204 μήτε
544 3134 669 3207 φευγέτω
688 3157 715 3190 τι
733 3145 788 3191 τῶν
807 3131 854 3190 ἐπ’
870 3135 976 3199 ἀλλοις·
996 3135 1024 3190 ελ
1036 3134 1067 3189 δὲ
1082 3133 1129 3205 μή,
1151 3138 1219 3190 δου-

199 3207 293 3258 λευειν
311 3204 430 3274 ἀναγκη.
1294 3241 1295 3293 η

274 3385 290 3433 6
310 3378 380 3431 ἀλλὰ
398 3380 439 3432 bis
456 3395 507 3433 εον.
526 3383 558 3434 in
576 3380 611 3448 S;
625 3383 722 3450 priore
740 3383 797 3436 loco
814 3399 923 3438 ααειωκ
950 3385 959 3452 ΙΙ
986 3389 1003 3438 8
1021 3381 1058 3436 ἀν
1076 3381 1147 3454 <τι>
1162 3383 1193 3443 θ’.
1209 3385 1219 3452 jz
1293 3343 1294 3360 ὀ

203 3454 237 3503 13
257 3445 314 3517 ἔχει
332 3447 365 3503 S:
383 3464 452 3502 οων.
467 3448 497 3507 δι
526 3452 535 3518 ΙΙ
562 3466 592 3504 σε
610 3451 667 3520 δεῖ]
686 3459 736 3505 σου
755 3452 838 3505 δοκεῖ
846 3469 921 3508 unus
933 3471 955 3522 s,
973 3454 1047 3509 ααάι
1060 3453 1147 3508 θιλω.
1168 3471 1218 3509 σου

203 3520 255 3586 (vel
273 3520 328 3585 σοι)
347 3516 426 3571 δόκει
443 3519 512 3572 coni.
549 3522 559 3588 ΙΙ
595 3514 832 3591 ἒπϊτσεσαγμένον
858 3524 880 3577 S
915 3527 925 3592 ΙΙ
963 3529 996 3577 14
1022 3521 1107 3578 ὅσσον
1130 3525 1219 3581 altero

200 3589 261 3644 Ioco
279 3588 301 3644 S
316 3589 384 3657 (suit
402 3585 485 3655 ὀσων)
1190 3613 1192 3624 =
