2626 3924
155 153 221 218 316
298 152 481 206 APPIANOT
498 152 573 206 ΤΩΝ
590 153 808 205 ΕΠΙΚΤΗΤΟΤ
825 152 1020 205 ΔΙΑΤΡΙΒΩΝ

119 333 135 379 9
154 315 322 380 ὑπάτευκα
343 311 399 379 καὶ
423 313 566 392 δούλους
588 316 733 391 πολλοὺς
761 313 844 400 ἔχω’
890 323 1024 400 πρῶτον
1047 336 1122 397 μευ,
1147 309 1176 378 ὦ

155 419 303 505 βέλτιστε
327 417 532 505 συγκλητικί,
554 420 637 506 τάχα
659 437 721 487 σου
744 419 800 486 καὶ
824 420 841 486 ὁ
860 421 967 507 πατὴρ
986 421 1047 503 τὴν
1067 418 1176 502 αὐτὴν

156 530 312 593 δουλείαν
340 527 460 603 δοῦλος
491 522 534 610 ἧν
563 525 618 593 καὶ
644 527 665 610 ἡ
693 528 800 612 μήτηρ
828 525 883 592 καὶ
911 526 930 592 ὁ
957 526 1089 602 πάππος
1116 523 1176 590 καὶ

104 650 136 698 10
156 631 273 718 ἐφεξῆς
303 633 423 711 πάντες
455 633 490 698 οί
518 636 689 718 πρόγονοι.
744 635 776 697 εί
806 628 843 697 δὲ
877 633 918 716 δὴ
951 630 1007 697 καὶ
1038 632 1079 695 τά
1112 630 1177 714 μά-

155 745 249 805 λιστα
276 735 361 823 ἦσαν
391 739 580 823 ἐλεύθεροι,
606 741 642 803 τί
665 748 763 805 τοῦτο
786 741 869 824 πρὸς
891 727 948 817 ’σός
976 741 1011 803 τί
1031 739 1112 822 γάρ,
1142 739 1177 802 εί
1202 756 1214 797 τ

155 845 276 913 ἐκείνοι
299 843 360 932 μὲν
383 857 532 930 γενναῖοι
550 841 647 929 ἦσαν,
671 849 713 910 σὺ
736 843 766 911 δ’
791 845 945 928 ἀγεννήςς
969 843 1091 909 ἐκεῖνοι
1110 839 1176 928 μὲν

155 955 293 1038 ἀφοβοι,
321 956 362 1018 σὺ
391 949 428 1018 δὲ
456 954 579 1032 δειλός;
612 951 734 1018 ἐκείνοι
761 949 823 1036 μὶν
851 950 1034 1038 ἐγκρατεῖς,
1065 953 1107 1014 σὺ
1138 946 1170 1013 δ’

156 1060 351 1138 ἀκόλαστοςς

104 1182 135 1228 11
221 1164 289 1229 Καὶ
318 1170 365 1250 τί,
397 1168 495 1250 φησί,
526 1175 624 1232 τοῦτο
657 1168 740 1252 πρὸς
771 1167 808 1230 τὸ
841 1168 966 1233 δοῦλον
995 1157 1096 1240 εἷναις
1131 1201 1174 1208 -

158 1268 269 1335 Οὐδέν
301 1287 354 1336 σοι
387 1274 539 1356 φαίνεται
572 1266 657 1336 εἶναι
690 1272 727 1336 τὸ
759 1271 882 1336 ἀκοντά
912 1293 944 1334 τι
975 1279 1101 1351 ποιεῖν,
1135 1270 1174 1333 τὸ
1190 1287 1216 1326 1⁰

157 1376 434 1462 ἀναγκαζόμενον,
457 1379 494 1442 τὸ
518 1374 676 1442 στένοντα
696 1379 778 1464 πρὸς
800 1378 838 1442 τὸ
857 1378 981 1442 δοῦλον
1004 1369 1105 1452 εἷναι;
1131 1411 1174 1422 -
1293 1433 1294 1458 ,

105 1499 137 1546 12
161 1485 266 1547 Τοῦτο
285 1478 347 1566 μὲν
366 1485 461 1567 ἔστω,
483 1485 594 1567 φησίν.
641 1482 724 1548 ἀλλά
742 1485 791 1560 τίς
809 1505 849 1567 με
871 1483 1010 1549 δύναται
1029 1479 1174 1564 ἀναγκά-
1293 1465 1294 1530 ἀ

105 1602 137 1650 13
158 1605 227 1672 σαι,
257 1591 288 1654 εἰ
314 1591 358 1674 μη
383 1589 401 1656 ὁ
424 1589 559 1656 πάντων
581 1589 696 1675 κύριος
718 1591 864 1674 Καίσαρς
887 1625 929 1633 -
955 1585 1090 1662 Οὐκοῦν
1114 1586 1175 1652 ἕνα

157 1691 219 1779 μὲν
243 1696 406 1779 δεσπότην
430 1704 553 1760 σαυτοῦ
575 1691 631 1760 καὶ
654 1697 695 1760 σὺ
726 1694 825 1772 αὐτὸς
852 1694 1075 1778 ὡμολόγησας.
1123 1693 1174 1758 ότι

158 1798 195 1866 δὲ
221 1801 372 1884 πάντων,
400 1801 444 1877 ὡς
471 1799 591 1884 λέγεις,
621 1803 734 1879 κοινός
762 1800 847 1885 ἐστι,
874 1799 978 1884 μηδίυ
1008 1815 1044 1864 σε
1072 1809 1213 1865 τοῦτου

157 1909 440 1989 παραμυθείσθω,
464 1905 548 1970 ἀλλά
570 1909 744 1989 γίγνωσκε,
769 1907 820 1972 ὅτι
843 1906 880 1971 ἐκ
901 1906 1045 1990 μεγάλης
1067 1908 1175 1982 οἰκίας
1290 1903 1294 1946 ⁴

106 2027 139 2074 14
158 2014 279 2088 δοῦλος
306 2006 344 2075 εἷ.
396 2009 501 2087 οὕτως
531 2008 587 2078 καὶ
614 2016 833 2078 Νικοπολίται
867 2011 1005 2096 ἐπιβοᾶν
1032 2012 1175 2078 εἰώθασι
1293 2027 1294 2080 J

158 2117 213 2200 (νὴ
236 2117 298 2200 την
321 2119 490 2204 Καίσαρος
512 2119 627 2204 τύχην,
650 2117 827 2203 ἐλεύθεροί
848 2117 968 2201 ἐσμευ’.

106 2237 139 2286 15
216 2220 334 2306 Ὅμως
362 2221 407 2306 δ’,
435 2222 493 2288 ἐάν
521 2241 575 2290 σοι
603 2224 701 2310 δοκῇ,
733 2226 793 2290 τὸν
819 2220 881 2309 μὲν
911 2225 1063 2310 Καίσαρα
1091 2225 1174 2309 πρὸς

158 2331 195 2395 τὸ
218 2331 326 2416 παρὸν
350 2329 502 2416 ἀφῶμεν,
526 2329 632 2396 ἐκεῖνο
663 2328 704 2395 δέ
723 2353 781 2414 μοι
803 2329 887 2394 είπί·
915 2326 1066 2398 οὐδέποτ’
1094 2329 1174 2414 ἠρά-
1188 2348 1215 2389 εο

159 2443 244 2520 σθης
261 2440 365 2517 τινόςς
384 2436 425 2503 οὐ
443 2437 688 2522 παιδισκαρίου,
707 2436 748 2502 οὐ
766 2438 958 2522 παιδαρίου,
977 2436 1017 2502 οὐ
1036 2436 1173 2520 δούλου,

107 2559 139 2607 16
159 2543 220 2609 οὐκ
243 2541 440 2630 ἐλευθέρους
462 2580 499 2590 -
526 2546 568 2607 Τί
584 2537 645 2608 οὖν
663 2553 760 2609 τοῦτο
783 2544 866 2627 πρὸς
886 2545 923 2608 τὸ
943 2546 1067 2609 δοῦλον
1085 2537 1174 2607 εἶναι

108 2664 138 2713 17
159 2649 180 2732 ἢ
204 2646 397 2734 ἐλεύθερονς
419 2686 456 2696 -
480 2646 649 2714 οἀδίποθ’
671 2649 735 2715 ὑπὸ
756 2657 813 2731 τῆς
832 2647 998 2734 ἐρωμένης
1016 2647 1174 2732 ἐπετάγης

159 2747 260 2819 οὐδὲν
279 2747 327 2817 ὧν
346 2753 407 2818 οὐκ
425 2755 558 2837 ἤδελεςς
581 2750 742 2819 οὐδέποτέ
757 2768 818 2816 σου
837 2754 875 2818 τὸ
899 2752 1079 2840 δουλάριον
1102 2751 1174 2818 ἐκο-

159 2858 333 2937 λάκευσας;
373 2856 522 2924 οὐδέποτ’
556 2858 659 2925 αὐτοῦ
693 2860 771 2936 τοὺς
802 2860 908 2936 πόδας
940 2861 1173 2944 κατεφίλησας;
1186 2879 1212 2919 2⁵

158 2967 265 3030 καίτοι
288 2972 348 3029 τοῦ
370 2966 540 3050 Καίσαρος
561 2965 603 3030 ἀν
628 2963 667 3030 σε’
687 2989 735 3042 τις
758 2963 938 3051 ἀναγκάσῃ,
968 2965 1068 3051 ὕβριν
1091 2966 1172 3032 αὐτὸ
1291 2999 1294 3046 1

107 3086 139 3135 18
158 3070 222 3156 ἡγη
246 3066 301 3135 καὶ
323 3069 513 3155 ὑπερβολὴν
531 3072 738 3156 τυραννίδος.
774 3075 809 3135 τί
824 3065 888 3136 οὖν
906 3071 988 3136 ἀλλο
1008 3069 1077 3136 ἐστὶ
1096 3072 1174 3137 δου-

160 3180 246 3256 λείας
268 3178 388 3254 νυκτὸς
410 3173 562 3242 οὐδέποτ’
587 3175 735 3260 ἀπῆλθες
754 3175 838 3242 ὅπου
857 3175 919 3241 οὐκ
936 3178 1070 3260 ἤθελεςς
1094 3177 1173 3243 ἀνά-

160 3286 268 3357 λωσας
295 3281 356 3345 ὅσα
385 3280 445 3345 οὐκ
473 3283 605 3362 ἤθελεςς
636 3277 727 3358 εἶπάς
754 3306 829 3346 τινα
852 3284 1002 3366 οἰμώζων
1024 3282 1079 3348 καὶ
1103 3281 1172 3348 στέ-

232 3509 266 3558 14
286 3504 318 3558 τί)
338 3504 421 3566 αότδς
439 3504 485 3564 80.-
504 3504 646 3567 ‹m'cvzch
673 3507 683 3574 ΙΙ
714 3511 748 3560 23
767 3503 898 3560 οὐδέποτ’
920 3507 952 3563 S:
971 3524 1039 3564 οων.
1055 3508 1085 3569 ἀι

681 3808 707 3882 ε
