2636 3930
212 189 279 254 300
360 189 543 242 ΔΡΡΙΔΝΟΤ
560 189 635 242 ΤΩΝ
652 190 870 241 ΕΠΙΚΤΗΤΟΤ
887 189 1081 243 ΔΙΑΤΡΙΒΩΝ

212 350 369 417 ἀνωτάτω
397 349 452 416 καὶ
478 350 663 433 κυριωτάτη
691 348 746 416 καὶ
774 351 880 428 εὐθύς
903 351 1011 438 ὥσπερ
1036 350 1072 416 ἐν
1095 352 1227 434 πύλαις,

212 457 292 523 ὅταν
315 454 382 523 τινὶ
403 457 628 543 προσαύσχης,
651 455 766 523 οὐδενὶ
789 469 856 523 τῶν
874 455 1119 544 ἀναφαιρέτων,
1144 456 1227 523 ἀλλά

211 588 278 630 τινι
301 565 440 653 τοιούτῳ
463 561 564 647 γένει,
588 555 661 628 οἷόν
681 562 750 629 ἐστι
767 565 882 651 χύτρα,
906 557 979 631 οἷον
1002 565 1147 630 ὑάλινον
1170 585 1227 630 πο-

210 673 341 756 τηριον,
370 666 416 737 ἵν’
441 671 522 736 ὅταν
544 679 685 756 καταγῇ,
708 669 916 756 μεμνημένος
940 672 1034 757 [μὴν]
1059 673 1104 756 μὴ
1127 694 1227 757 ταρα-

158 795 191 843 85
210 784 303 863 χθης.
354 777 441 843 οὕτω
469 776 524 843 καὶ
555 775 691 842 ένδοίδε·
725 776 784 843 ἐὰν
809 779 946 844 παιδίον
974 787 1100 844 σαυτοῦ
1128 801 1258 843 κατα-ι
1293 757 1295 844 λ

209 889 320 970 φιλῇς,
350 883 409 950 ἐὰν
432 883 591 968 ἀδελφόν,
615 882 673 949 ἐὰν
696 887 808 968 φίλον,
832 883 996 968 μηδέποτε
1020 883 1146 973 ἐπιδῷς
1168 887 1227 969 τὴν
1294 869 1295 954 λ

209 994 397 1074 φαντασίαν
424 993 472 1067 εἰς
499 991 587 1055 ἅπαν
617 985 701 1075 μηδὲ
724 991 786 1074 τὴν
809 991 965 1075 διάχυσιν
988 989 1086 1076 ἐίσης
1109 995 1227 1076 προελ-

209 1103 288 1162 θεῖν
311 1095 362 1182 ἐφ’
386 1098 469 1162 ὅσον
491 1097 575 1181 αὐτη
598 1096 704 1181 θέλει,
727 1093 798 1162 ἀλλ’
822 1095 1037 1180 ἀντίσπασον,
1060 1098 1227 1179 κώλυσον,

211 1194 284 1268 οἷον
317 1204 352 1268 οί
381 1212 451 1279 τοῖς
482 1204 749 1288 θριαμβεύουσιν
783 1202 963 1289 ἐφεστῶτες
997 1205 1140 1269 ὄπισθεν
1173 1202 1228 1269 καλ

157 1325 190 1374 86
210 1305 518 1392 ὑπομιμνῄσκοντες
541 1308 592 1373 ὅτι
620 1309 800 1395 ἄνθρωποί
820 1311 892 1374 εἰσι.
938 1311 1092 1375 τοιοῦτόν
1116 1333 1149 1374 τι
1173 1306 1227 1374 καλ
1240 1335 1260 1374 ιι
1296 1291 1297 1300 ¹

211 1415 252 1478 σὺ
270 1412 500 1501 ὑπομέμνησκε
519 1417 671 1498 σεαυτόν,
689 1415 741 1480 ὅτι
759 1417 887 1499 θνητὸν
901 1421 1021 1500 φιλεῖς,
1039 1411 1143 1481 οὐδὲν
1160 1427 1226 1481 τῶν

210 1529 352 1586 σεαυτοῦ
379 1526 499 1605 φιλεῖς·
533 1519 586 1587 ἐπὶ
614 1531 674 1587 τοῦ
701 1524 866 1607 παρόντος
898 1540 952 1586 σοι
982 1521 1133 1604 δέδοται,
1167 1522 1227 1587 οὐκ
1298 1560 1299 1616 χ

210 1625 433 1712 ἀναφαίρετον
456 1625 529 1694 οὐδ’
556 1630 604 1705 είς
626 1628 731 1711 ἅπαν,
761 1624 832 1693 ἀλλ’
860 1629 905 1705 ὡς
927 1636 1047 1711 σῦκον,
1076 1628 1122 1704 ὡς
1150 1645 1227 1694 στα-

210 1735 316 1818 φυλη,
342 1743 381 1821 τῇ
409 1733 590 1820 τεταγμένῃ
620 1735 689 1821 ὥρη
711 1742 772 1799 τοῦ
796 1735 901 1812 ἔτους·
931 1734 972 1800 διν
1003 1730 1042 1800 δὲ
1064 1745 1227 1819 χειμῶνος
1299 1758 1300 1820 η

156 1857 190 1907 87
210 1839 384 1926 ἐπιποθῇς,
407 1842 517 1927 μωρὸς
539 1837 578 1906 εἶ.
623 1841 711 1906 οὕτω
730 1839 793 1905 κᾶν
815 1843 875 1906 τὸν
897 1842 975 1906 υίὸν
997 1841 1018 1925 ἢ
1041 1843 1101 1907 τὸν
1125 1845 1226 1926 φίλον
1240 1866 1260 1906 15

210 1948 282 2011 τότε
310 1953 433 2029 ποθῇς,
466 1945 519 2011 ὅτε
551 1946 593 2012 οὐ
621 1945 759 2013 δέδοταί
785 1965 849 2030 σοι,
882 1953 956 2013 ίσθι
983 1947 1033 2012 ὅτι
1065 1959 1227 2032 χειμῶνος
1300 2029 1301 2032 ¹

211 2057 315 2115 σῦκον
343 2049 521 2128 ἐπιποθεϊς.
567 2042 642 2118 οἷον
669 2053 731 2138 γάρ
762 2051 832 2117 ἐστι
859 2054 982 2138 χειμὼν
1005 2055 1087 2138 πρὸς
1110 2064 1227 2136 σῦκον,

210 2158 364 2222 τοιοῦτόν
387 2154 456 2221 ἐστι
482 2165 571 2223 πᾶσα
594 2157 615 2241 ἡ
643 2157 707 2224 ἀπὸ
730 2169 797 2223 τῶν
821 2158 909 2223 ὅλων
931 2162 1125 2245 περίστασις
1144 2163 1228 2246 πρὸς

156 2281 191 2328 88
210 2263 250 2328 τδι
273 2260 342 2328 κατ’
370 2261 474 2347 αὐτὴν
493 2263 727 2350 ἀναιρούμενα.
772 2262 827 2330 καὶ
851 2267 968 2331 λοιπὸν
987 2265 1024 2330 ἐν
1043 2264 1157 2343 αὐτοῖς
1177 2257 1227 2342 οἷς

209 2372 334 2456 χαίρεις
355 2374 436 2453 τινί,
466 2372 524 2448 τὰς
546 2371 698 2448 ἐναντίας
726 2373 910 2456 φαντασίας
933 2380 1044 2460 σαυτῷ
1067 2375 1224 2456 πρόβαλε.
1239 2399 1263 2438 εο

209 2480 244 2542 τί
268 2479 370 2542 κακόν
401 2475 470 2542 ἐστι
503 2477 623 2562 μεταξὺ
653 2481 900 2562 καταφιλοῦντα
927 2481 964 2544 τὸ
991 2480 1129 2544 παιδίον
1156 2478 1225 2544 ἐπι-

210 2664 294 2738 έστιν,
312 2671 370 2725 ἀπὸ
388 2679 443 2725 τῶν
463 2668 653 2740 σμικροτάτων
671 2670 839 2740 ἀρξάμενος·
860 2669 896 2724 διν
915 2671 1020 2742 χύτραν
1039 2668 1162 2750 στέργης,
1181 2670 1224 2726 δτι

211 2740 327 2810 *χύτραν
346 2740 474 2812 στέργω”
494 2742 676 2812 κατεαγείσης
693 2739 746 2811 γὰρ
765 2742 860 2811 αὐτῆς,
879 2741 912 2796 ού
931 2741 1106 2814 ταραχδήση.

282 2818 387 2880 Ιοεηη.
410 2810 446 2866 cf.
464 2811 502 2868 M.
517 2815 582 2867 Ant.
606 2819 647 2880 11,
662 2819 709 2867 33:
732 2815 828 2866 Σῦκον
851 2821 986 2882 χειμῶνος
1009 2816 1101 2882 ζητεῖν
1124 2833 1224 2883 μαινο-

209 2879 308 3005 χένοχι·
333 2891 458 2944 τοιοῦτος
482 2882 497 2936 δ
520 2883 551 2938 τὸ
575 2885 692 2938 παιδίον
717 2886 819 2952 ζητῶν,
843 2883 889 2938 ὅτε
914 2883 1007 2938 ούκέτι
1030 2885 1150 2940 δίδοται.
1188 2884 1223 2940 cf.

233 2969 268 3006 ne
290 2958 349 3008 ,14
376 2960 398 3008 1.

280 3030 314 3077 21
324 2994 384 3114 sq’q
404 3023 438 3078 cf.
458 3023 495 3079 M.
515 3024 581 3078 Ant.
598 3031 639 3093 11,
655 3031 702 3079 342
726 3029 945 3094 Καταφιλούντα
970 3027 1001 3081 τδ
1024 3028 1141 3081 παιδίον
1160 3027 1222 3081 δεῖν

210 3090 304 3164 ἔλεγεν
327 3093 342 3148 δ
374 3096 532 3164 Επίκτητος
560 3093 643 3150 ἔνδον
668 3091 898 3167 ἐπιφθέγγεσθαι
923 3097 1039 3167 ἀύριον
1064 3099 1128 3158 ἴσως
1151 3097 1221 3152 ἀπο-

209 3166 309 3235 δανῇ’.
329 3196 363 3206 -
378 3165 520 3236 Δύσφημα
538 3173 634 3221 ταῦτα.
650 3199 684 3208 -
701 3165 794 3222 Ούδὲν
813 3167 971 3239 δύσφημον,
991 3167 1055 3236 ἔφη,
1079 3167 1150 3221 ἀλλὰ
1169 3187 1222 3236 ‹pv-

209 3245 289 3290 σικοῦ
315 3255 390 3298 τινος
416 3235 498 3306 ἔργον
525 3239 704 3306 σημαντικόν.
746 3235 765 3306 ἢ
789 3238 837 3293 καλ
860 3240 891 3294 τὸ
914 3241 979 3303 τοὺς
1002 3238 1123 3308 στάχυας
1141 3242 1223 3310 θερι-

281 3417 297 3464 2
316 3411 497 3481 προσπύσχης
516 3412 544 3480 S,
562 3429 631 3468 οοιν.
651 3430 664 3468 e
682 3413 870 3483 προσπασχεις
906 3419 916 3486 ll
952 3415 1030 3487 (ὡς)
1049 3414 1148 3469 ούδενλ
1166 3415 1197 3476 8⁶
1215 3417 1223 3486 [l

210 3481 326 3553 4[μὴν]
351 3484 439 3537 debs
478 3487 488 3550 ΙΙ
529 3479 671 3545 δὲπίδως
694 3483 726 3538 S:
749 3501 817 3539 corr.
838 3484 868 3545 δε
908 3489 917 3554 [Ι
959 3493 991 3540 17
1016 3483 1171 3554 έπιιτοδῆις
1188 3487 1223 3541 S.-

209 3567 278 3607 τοτα.
298 3569 332 3607 οι.
347 3570 392 3622 γε.
426 3555 435 3621 η
467 3558 501 3607 20
520 3553 642 3624 πρόβαλε
660 3555 772 3623 scripsi:
791 3553 930 3628 πρόσβαλε
950 3556 985 3626 8,·
1005 3555 1177 3629 πρόβαλλεε
