2636 3922
192 184 235 247 80
337 183 521 236 APPIANOT
538 183 613 236 ΤΩΝ
631 182 849 242 ΕΙΠΚΤΗΤΟΤ
867 181 1061 234 ΔΙΑΤΡῙΒΩΝ

190 355 251 411 τοῦ
277 346 376 410 τύπτε
404 344 422 410 ὃ
455 344 627 430 φυλάσσει.
677 342 731 408 καὶ
759 346 801 408 σὺ
833 344 1008 427 γίγνωσκε,
1040 341 1133 408 ὅτιδ
1162 341 1206 406 ἀν

190 451 374 536 φυλάσσειν
392 449 521 536 ἐθέλῃς,
543 447 613 517 κατ’
637 450 744 516 ἐκεῖνο
763 449 956 535 ἐπιθήσεταί
971 465 1025 516 σοι
1044 449 1061 515 ὁ
1080 449 1206 533 κύριος.

137 571 172 621 25
191 558 318 623 τούτων
342 556 548 641 μεμνημένος
570 560 644 622 τίνα
668 558 715 620 ἔτι
738 557 948 632 κολακεύσεις
970 555 990 639 ἣ
1014 555 1161 640 φοβησης

138 679 172 726 26
255 663 352 729 Ἀλλὰ
365 661 456 728 θέλω
470 669 643 746 καθῆσθαι
662 662 747 728 ὅτου
767 663 802 728 οί
819 664 1040 745 συγκλητικοί.
1055 657 1206 747 -Ὁρᾷς

191 771 242 836 ὅτι
265 772 308 835 σὺ
331 778 440 858 σαυτῷ
469 772 691 855 στενοχωρίαν
718 766 885 853 παρέχεις,
914 770 955 832 σὺ
984 769 1108 832 σαυτὸν
1129 769 1206 831 θλί-
1233 787 1248 829 σ

139 892 172 940 27
192 880 270 961 βεις.
291 914 328 923 -
347 880 426 954 Πῶς
449 871 511 942 οὖν
534 877 643 952 άλλως
666 877 827 959 θεωρήσω
851 879 958 950 καλῶς
977 873 1014 938 ἐν
1036 881 1082 960 τῷ
1106 872 1206 958 ἀμφι-

191 983 335 1070 θεάτρῳ;
353 981 592 1068 -Ἅνθρωττε,
610 980 666 1048 καὶ
684 984 728 1066 μὴ
747 982 870 1066 θεώρει
887 978 943 1046 καλ
957 981 999 1046 οὐ
1012 979 1056 1064 μὴ
1074 982 1205 1064 θλιβῇς.

191 1094 225 1154 τί
245 1090 419 1175 πράγματα
443 1091 541 1173 έχεις;
564 1089 585 1172 ἢ
609 1091 729 1174 μικρὸν
752 1087 880 1165 ἔκδεξαι
897 1085 953 1154 καὶ
972 1086 1131 1173 ἀχθείσης
1149 1093 1206 1170 τῆς

191 1199 336 1280 θεωρίας
357 1196 502 1260 κάθισον
520 1196 567 1271 είς
584 1197 663 1271 τοὺς
680 1204 747 1260 τῶν
766 1199 993 1278 συγκλητικῶν
1010 1197 1132 1268 τόπους
1150 1188 1205 1256 καί

137 1313 171 1360 28
190 1301 334 1384 ἡλιάζου.
380 1303 530 1365 καθόλου
559 1301 623 1385 γὰρ
647 1300 775 1367 ἐκείνου
803 1297 962 1386 μέμνησο,
990 1301 1040 1366 ότι
1068 1296 1205 1373 ἑαυτοὺς
1220 1320 1248 1360 ιο

191 1410 366 1491 θλίβομεν,
389 1404 526 1482 ἑαυτοὺς
549 1417 830 1492 στενοχωροῦμεν,
857 1404 946 1494 τοῦτ’
974 1405 1104 1472 ἐστιτὰ
1128 1405 1205 1486 δόγ-
1258 1406 1261 1414 ’

139 1525 172 1574 29
192 1535 277 1598 ματα
299 1513 384 1597 ἡμᾶς
405 1514 519 1596 θλίβει
536 1509 592 1578 καὶ
611 1524 816 1598 στενοχωρεῑ.
863 1509 933 1577 ἐπεὶ
956 1514 991 1577 τί
1011 1510 1101 1576 ἐστιν
1124 1510 1205 1576 αὐτὸ

140 1687 143 1692 Α
191 1621 228 1684 τὸ
262 1609 506 1705 λοιδορεῖσθαις
542 1619 710 1702 παραστάς
748 1621 848 1683 λίθον
887 1617 1046 1698 λοιδόρει·
1083 1613 1138 1680 καὶ
1174 1620 1209 1680 τί

190 1728 353 1808 ποιήσεις;
381 1725 423 1790 δν
452 1719 514 1790 οὖν
541 1747 591 1799 τις
618 1724 662 1798 ὡς
685 1725 782 1797 λίθος
804 1719 926 1806 ἀκοόη,
953 1722 988 1786 τί
1014 1719 1133 1802 ὄφελος
1159 1725 1206 1804 τῷ

191 1833 417 1918 λοιδοροῦντες
444 1830 487 1896 ἀν
516 1829 546 1895 δ’
574 1831 630 1915 ἔχη
657 1828 718 1910 τὴν
746 1823 925 1891 ἀσθένειαν
948 1834 1008 1890 τοῦ
1030 1823 1206 1907 λοιδορου-
1221 1847 1250 1888 ιε

138 1950 173 1999 30
191 1936 295 2021 μένου
323 1938 341 2002 ὁ
369 1938 535 2022 λοιδορῶν
565 1933 767 2019 ἐπιβάθραν,
794 1935 867 1998 τότε
895 1930 990 1997 ἀνύει
1017 1952 1057 1995 τι.
1104 1927 1206 2014 επερί-

192 2058 309 2128 σχισον
328 2043 450 2108 αὐτόν’
486 2044 521 2106 τί
537 2039 643 2123 λέγεις
661 2039 777 2117 αὐτόν;
798 2041 835 2104 τὸ
856 2037 986 2123 ἱμάτιον
1005 2036 1096 2120 λάβε,
1115 2039 1207 2119 περί-

193 2164 317 2233 σχισον.
371 2147 486 2233 Ἧβριν
519 2162 573 2212 σοι
604 2144 790 2229 πεκοίηκα.’
841 2147 949 2219 καλῶς
980 2158 1034 2207 σοι
1065 2138 1207 2223 γένοιτο.
1309 2165 1310 2172 “

139 2268 173 2316 31
194 2263 295 2319 ταῦτα
315 2251 448 2338 ἐμελέτα
462 2250 653 2337 Σωκράτης,
673 2252 730 2316 διὰ
748 2260 846 2316 τοῦτο
865 2249 902 2314 δν
922 2251 1008 2333 ἔχων
1025 2249 1207 2332 πρόσωπον
1309 2265 1310 2334 J

193 2358 245 2426 άελ
268 2359 414 2426 διετέλει.
459 2359 553 2442 ἡμεῖς
581 2354 616 2423 δέ
644 2354 790 2440 θέλομεν
812 2356 919 2421 πάντα
942 2358 1069 2438 μᾶλλον
1092 2351 1208 2417 ἀσκεῖν
1222 2377 1252 2416 εο

192 2464 248 2532 καὶ
285 2473 423 2551 μελετᾶν
459 2465 480 2548 ἢ
517 2464 605 2540 ὅπως
643 2461 904 2547 ἀπαραπόδιστοι
939 2457 995 2526 καὶ
1032 2458 1208 2543 ἐλεύθεροι

140 2587 174 2636 ει
193 2573 349 2658 ἐσόμεθα.
400 2570 581 2657 “τιαράδοξα
609 2568 763 2653 λέγουσιν
792 2569 828 2634 οί
852 2565 1053 2652 φιλόσοφοι.’
1104 2563 1141 2629 ἐν
1169 2559 1245 2628 δὲ·
1309 2621 1310 2628 ,

193 2692 265 2757 ταῖς
288 2681 403 2757 άλλαις
430 2678 558 2763 τέχναις
580 2677 641 2741 οὐκ
665 2678 733 2740 ἐστι
755 2672 940 2760 τιαράδοξας
970 2669 1024 2738 καὶ
1046 2673 1082 2736 τί
1101 2689 1208 2752 τιαρα-

195 2785 371 2871 δοξότερόν
399 2783 489 2850 ἐστιν
516 2783 536 2868 ἢ
564 2793 691 2847 κεντεῖν
718 2803 809 2857 τινος
836 2782 895 2845 τὸν
923 2779 1119 2863 ὀφθαλμόν,
1150 2777 1210 2842 ἵνα

195 2891 264 2976 ίδη;
288 2896 322 2955 εί
340 2913 389 2965 τις
412 2887 534 2975 ἀπείρῳ
557 2898 624 2952 τῶν
648 2889 803 2971 ἰατρικῶν
826 2894 923 2951 τοῦτο
947 2879 1056 2967 εἶπεν,
1079 2882 1140 2947 οὐκ
1163 2880 1209 2946 ἀν
1224 2906 1252 2947 ετ

141 3011 175 3059 33
195 2993 351 3077 κατεγέλα
378 3003 438 3074 τοῦ
470 2991 638 3075 λέγοντος;
667 2993 703 3056 τί
726 2986 789 3056 οὖν
817 2992 1015 3074 θαυμαστὸν
1037 2992 1070 3054 εί
1090 2985 1146 3053 καὶ
1170 2986 1209 3052 ἐν

195 3103 377 3187 φιλοσοφίᾳ
399 3100 504 3164 τιολλδ
527 3109 593 3162 τῶν
617 3097 754 3181 ἀληθῶν
772 3095 942 3182 παράδοξα
964 3098 1117 3180 φαίνεται
1136 3103 1209 3170 τοῖς

196 3207 356 3292 ἀτείροις;
1309 3213 1310 3216 ’

269 3385 348 3447 llsq.
362 3377 448 3432 Eneh.
468 3383 511 3430 16:
526 3384 625 3430 τοῦτον
639 3379 734 3452 θλίβει
748 3408 784 3416 --
794 3409 807 3416 -
821 3375 852 3430 τὸ
867 3373 958 3444 δόγμα
976 3373 1008 3428 τό
1026 3373 1092 3443 περὶ
1111 3373 1208 3428 αὐτοῦ.

195 3480 408 3490 ...-..--..--..

268 3544 284 3591 2
308 3555 358 3592 σου
377 3537 408 3597 δι
438 3538 449 3604 ΙΙ
482 3542 514 3592 18
533 3538 641 3598 καλλῶς
660 3535 692 3590 S:
710 3551 810 3590 eorm
