2588 3914
223 195 291 260 480
456 198 490 249 D.
519 196 1007 250 SENT.00D.VAT10AN11144.
1159 201 1211 255 (ιο

223 374 308 424 μενος
329 361 479 423 τοιγαροῦν
501 356 582 416 θεοῖς
606 355 678 408 αίτει
701 353 736 408 τὰ
757 357 839 422 θεῖα,
866 350 905 408 ὦν
929 352 1013 409 οὐδὲν
1036 353 1162 424 σάρκινον
1177 350 1212 404 καὶ

226 442 326 512 γήινον
345 443 433 512 ψαύει
451 441 554 506 πάθος.

298 566 336 606 ου
354 549 432 620 παρά
450 557 505 604 τῶν
524 549 672 619 μεγάλωνλ

222 741 432 811 Ἐπικτήτου.

298 856 322 906 δ.
348 847 453 920 Ὥσπερ
482 847 610 920 μέλιτταν
639 850 672 905 οὐ
701 849 750 904 διὰ
774 851 805 904 τὸ
828 846 944 921 κέντρον
968 855 1067 919 μισεῖς,
1096 847 1161 902 ἀλλὰ
1180 845 1215 900 δά

226 937 275 994 τὸν
299 939 409 1009 καρπὸν
432 942 570 1009 τημελεῐς,
597 937 668 993 οὕτω
691 937 741 993 καλ
765 940 848 1008 φίλον
871 937 908 1008 μὴ
932 935 972 991 δι’
994 932 1142 1006 ἐπίπληξιν
1162 936 1215 988 ἀπο

226 1035 360 1099 στραφῇς,
379 1026 449 1082 ἀλλὰ
467 1025 516 1080 διὰ
534 1024 585 1096 τήν
604 1026 719 1081 εὔνοιαν
738 1025 843 1095 ἀγάπα.

297 1138 388 1203 Μοσγ.
407 1152 449 1202 γν.
468 1139 509 1188 12.
585 1165 586 1168 =

298 1281 323 1329 6.
361 1273 504 1328 Ἐοίκασιν
537 1270 567 1328 οἱ
601 1271 719 1336 κόλακες
752 1280 870 1344 κηφῆσι·
909 1272 958 1327 καλ
989 1271 1043 1342 γάρ
1079 1272 1158 1342 άργολ
1182 1269 1216 1324 καὶ

227 1362 358 1434 άκεντροι
377 1362 508 1426 καὶτοὺς
526 1363 687 1432 ἀλλοτρίους
705 1362 903 1425 ἀναλίσκοντες
925 1360 1078 1431 καμάτους.
1115 1359 1144 1417 ολ
1161 1362 1216 1430 φθυ

227 1450 305 1521 νερολ
328 1453 426 1521 σφηξί·
459 1451 508 1506 καλ
531 1451 584 1522 γάρ
611 1450 759 1520 πληκτικολ
786 1450 836 1506 καλ
863 1450 967 1521 άποροι
993 1449 1043 1504 καὶ
1073 1450 1216 1521 άμετάδοτοι

227 1539 276 1594 καί
299 1539 460 1614 άγρ<ε>ιοι
498 1537 528 1595 ολ
548 1539 661 1611 χρηστοὶ
687 1542 836 1610 μελίτταις·
862 1539 912 1594 καὶ
934 1539 987 1610 γὰρ
1015 1539 1165 1609 φιλόπονοι
1184 1536 1216 1591 καὶ

226 1628 378 1699 αὐτουργοὶ
405 1628 454 1683 καλ
482 1626 657 1699 οίκονομικολ
687 1629 736 1683 καὶ
767 1628 882 1700 εὔποροι
910 1628 960 1682 καλ
985 1634 1076 1704 πρᾷοι
1104 1630 1151 1684 καλ
1175 1623 1217 1681 έκι·

227 1717 353 1787 ληκτικολ
376 1719 425 1772 καλ
447 1719 617 1772 κοινωνικοί.
656 1715 732 1786 ὥστ’,
757 1715 784 1772 εί
806 1717 900 1790 βούλει
918 1718 999 1786 φίλος
1016 1719 1151 1789 ὑπάρχων
1167 1712 1217 1786 μετὰ

227 1810 336 1862 πολλῶν
355 1806 465 1876 διάγειν
484 1807 582 1875 φίλων,
601 1814 686 1876 μιμοῦ
704 1805 757 1874 τὴν
776 1803 913 1875 μέλιτταν.
949 1808 1085 1878 καθαρὸν
1112 1805 1173 1862 ἔστι)
1188 1821 1218 1856 σοι

226 1896 257 1950 τὸ
277 1903 380 1966 σμῆνος
398 1895 534 1964 κηφήνων
553 1894 602 1949 καί
620 1903 745 1963 σφηκῶν.

299 1991 323 2039 7.
358 1985 431 2047 Τοδς
465 1982 505 2047 είς
536 1985 634 2054 φιλίαν
662 2001 706 2038 σοι
738 1981 882 2046 καθέντας
912 1984 1045 2054 δοκίμαζε
1079 1985 1117 2055 μὴ
1145 1978 1170 2049 ἐξ
1191 1975 1218 2033 ὧν

227 2090 270 2127 σοι
290 2074 459 2143 δωροῦνται,
484 2070 545 2127 ἀλλ’
567 2068 596 2138 έξ
615 2068 654 2128 ὧν
674 2067 784 2135 έαυτοῖς
802 2080 927 2142 μνῶνται
945 2071 994 2126 καλ
1012 2075 1171 2145 χαρίζονται
1185 2065 1219 2122 καὶ

225 2162 478 2230 κατεπηγγείλαντο
497 2161 547 2216 καλ
565 2159 708 2227 διέθεσαν.

298 2256 323 2305 8.
351 2250 488 2320 Χρήματα
511 2250 562 2321 μὲν
585 2247 683 2320 φιλίαν
715 2247 846 2306 οὐδέποτ’
876 2248 913 2304 διν
941 2244 1120 2320 έργάσαιντο,
1147 2249 1218 2311 ὥσπερ

228 2338 293 2394 οὐδὲ
312 2345 347 2408 γῆ
365 2339 449 2394 θεόν·
470 2340 550 2408 φιλία
568 2339 600 2394 δὲ
617 2338 746 2410 χρήματα
760 2338 809 2392 καλ
824 2337 911 2401 άλλως
930 2337 966 2392 διν
984 2337 1128 2408 κτήσαιτο,
1146 2333 1219 2391 καθά-

226 2445 279 2496 περ
297 2427 367 2489 δεὸς
385 2434 446 2496 γῆν.

297 2537 388 2602 Μοσγ,
408 2553 450 2602 γν.
466 2539 491 2588 5.
