2636 3922
176 192 220 257 82
319 194 502 246 ΑΡΡΙΔΝΟΤ
520 192 595 250 ΤΩΝ
612 191 831 244 ΕΠΙΚΤΗΤΟΤ
849 191 1043 254 ΔΙΑΤΡΙΒΩΝ

139 371 155 420 ε
247 357 356 420 Ταῦτα
375 352 491 442 έκείνφ
509 357 602 442 μόνφ
627 350 735 436 λέγειν
761 351 866 431 ἔξεστι
883 361 929 440 τῷ
946 353 1103 434 τοιαύτην
1122 351 1193 417 έπι-

141 462 282 544 οβολὴν
306 459 487 545 ένῃυοχότι.
534 461 565 526 εί
591 458 631 525 δέ
651 483 700 537 τις
726 461 831 542 μόνον
860 457 1111 524 ἐπιδείκνυσθαι
1134 455 1194 523 θέ-
1307 445 1308 450 ¹

178 570 247 630 λον
261 565 298 630 έν
313 569 486 653 συμποσίῳ
506 565 557 630 ὅτι
576 561 668 630 οἶδεν
682 567 761 642 τοὺς
774 564 995 641 ὑποθετικούς
1008 562 1195 648 ἀναγιγνώ-

179 687 249 736 σκει
281 681 383 738 ταῦτα
414 669 471 737 καὶ
501 669 718 757 προσέρχεται
749 683 818 748 τοῖς
849 674 1064 756 φιλοσόφοις,
1095 665 1196 747 οὗτος

178 777 260 843 ἄλλο
279 802 310 842 τι
333 779 473 864 πράσσει
491 777 555 862 <ἢ>
576 779 632 843 ἵνα
651 778 753 843 αύτὸν
774 779 989 861 συγκλητικὸς
1007 789 1194 862 παρακατα-
1221 791 1235 830 ⁵

126 901 159 950 10
178 886 329 967 κείμενος
351 883 523 969 θαυμάσῃς
552 882 621 949 ἐκεῖ
645 885 709 969 γάρ
731 892 777 971 τῷ
801 885 872 948 ὄντι
895 884 933 946 αί
953 883 1092 967 μεγάλαι
1114 877 1197 948 ὗλαί

179 990 243 1053 είσι
265 987 377 1054 καλοί
396 987 519 1055 ἐνθάδε
538 994 677 1055 πλοῦτοι
700 989 769 1054 ἐκεῖ
787 992 925 1071 παίγνια
949 990 1096 1055 δοκοῦσι.
1137 989 1195 1054 διά

178 1103 277 1160 τοῦτο
301 1093 369 1160 έκεῑ
390 1096 556 1161 δύσκολον
579 1105 738 1181 κρατῆσαι
767 1107 834 1160 τῶν
858 1094 962 1160 αὑτοῦ
989 1105 1195 1178 φαντασιῶν,

126 1219 158 1267 11
179 1198 264 1265 ὅπου
292 1201 332 1264 τά
360 1200 529 1266 έκσειόντα
556 1203 690 1285 μεγάλα.
737 1201 801 1284 ε’γώ
831 1225 905 1266 τινα
934 1195 1010 1266 οἶδα
1038 1205 1196 1267 κλαίοντα

176 1300 419 1391 Ἐπαφροδίτου
442 1317 508 1372 τῶν
531 1309 683 1389 γονάτων
701 1307 888 1392 ἁπτόμενον
906 1305 961 1372 καὶ
980 1304 1121 1391 λέγοντα
1139 1295 1195 1372 ταὲ
1212 1328 1238 1366 ιο

179 1415 372 1496 λαιπορείν·
392 1411 633 1498 ἀπολελεῖφθαι
647 1415 711 1498 γάρ
726 1414 815 1500 αὐτῷ
828 1412 946 1498 μηδέν,
964 1415 996 1479 εί
1013 1415 1057 1497 μὴ
1078 1410 1196 1481 ἑκατὸν

128 1537 160 1584 12
178 1518 384 1601 πεντήκοντα
407 1519 579 1603 μυριάδας,
617 1524 651 1584 τί
672 1513 771 1586 οὖνὸ
791 1514 1044 1605 Ἐπαφρόδιτοςς
1067 1517 1197 1602 κατεγέ-

183 1627 284 1688 λασεν
307 1624 351 1700 ὡς
373 1623 480 1708 ὑμεῑςς
509 1626 563 1690 ού·
595 1623 666 1690 ἀλλ’
699 1624 930 1708 ἐπιθαυμάσας
960 1624 1047 1706 λέγει
1075 1625 1199 1707 πάλας,

181 1739 251 1806 πῶς
273 1729 426 1814 ἐσιώπας,
449 1743 519 1808 πῶς
542 1730 751 1817 έκαρτίρεις;’

130 1852 162 1899 13
255 1835 403 1922 Ταράξας
427 1833 465 1902 δέ
482 1840 542 1904 τὸν
561 1827 855 1921 ἀναγιγνώσκοντα
877 1841 955 1914 τοὺς
976 1838 1199 1913 ὑποθετικοὺς
1214 1857 1242 1899 15

179 1940 234 2006 καλ
257 1943 457 2024 γελάσαντος
479 1953 539 2008 τοῦ
562 1942 775 2027 ὑποθεμένου
803 1944 894 2032 αὐτῷ
918 1946 979 2028 τὴν
1006 1943 1198 2027 άνάγνοοσιν

180 2052 345 2130 Σεαυτοῦ,
363 2050 438 2133 ἔφη,
460 2055 656 2137 καταγελᾷς·
681 2050 722 2115 ού
740 2051 994 2136 προεγύμνασας
1010 2051 1070 2115 τὸν
1088 2053 1199 2115 νεανί-

181 2169 262 2219 σκον
290 2151 364 2219 οὐδ’
394 2155 498 2236 ἔγνως
527 2157 558 2219 εί
586 2157 725 2221 δύναται
757 2157 887 2234 τούτοις
918 2160 1198 2241 παρακολουθεῖν,
1307 2197 1308 2222 ι

129 2275 162 2323 14
180 2257 253 2325 ἀλλ’
291 2260 335 2336 ὡς
371 2258 564 2347 ἀναγνώστῃ
603 2262 691 2350 αὐτῷ
736 2271 806 2347 χρῇ.
857 2265 892 2327 τί
922 2256 999 2343 οὖν,
1037 2264 1117 2345 ἔφη,
1153 2263 1197 2346 μὴ
1307 2231 1308 2285 δ

181 2363 350 2450 δυναμένῃ
388 2366 522 2452 διανοίᾳ
560 2364 855 2450 συμπεπλεγμένου
892 2366 1053 2452 ἐπικρίσει
1094 2390 1198 2453 παρα·
1213 2391 1242 2430 ιο

180 2476 360 2538 κολουθείν
380 2474 517 2536 ἔπαινον
534 2473 744 2555 πιστεύομεν,
769 2475 879 2554 ψόγον
899 2473 1109 2557 πιστεύομεν,
1130 2472 1199 2540 ἐπί-

180 2594 291 2663 κρισιν
314 2574 390 2662 περὶ
419 2589 487 2642 τῶν
510 2584 618 2654 καλῶς
641 2577 661 2662 ἢ
684 2589 791 2654 κακῶς
813 2578 1014 2663 γινομένους
1039 2581 1101 2644 κάν
1124 2603 1200 2644 τινα
1306 2555 1307 2633 λ

182 2694 290 2760 κακῶς
312 2681 402 2768 λέγῃ,
426 2678 523 2760 οὗτος
545 2682 791 2769 έπιστρέφεταις
813 2684 877 2750 κάν
896 2684 1012 2772 έπαιυῃ
1036 2710 1122 2771 τινα,
1145 2686 1201 2752 έπ-

66 2827 69 2834 =
183 2793 325 2875 αίρεται,
353 2788 390 2853 έν
412 2800 480 2867 τολς
506 2789 593 2854 οὕτω
622 2801 753 2874 μικροῖς
782 2792 827 2875 μὴ
857 2792 1021 2877 εὑρίσκων
1043 2792 1081 2856 τὸ
1112 2790 1198 2876 ἑξῃςς

133 2911 164 2958 ιο
185 2895 266 2977 αύτῃ
298 2888 360 2959 οὖν
390 2893 474 2980 ἀρχὴ
503 2906 564 2961 τοῦ
595 2901 811 2981 φιλοσοφεῖν,
841 2904 997 2982 αίσθῃσις
1026 2909 1086 2965 τοῦ
1110 2901 1201 2964 ἰδίου
1214 2920 1244 2960 ιε

182 3000 384 3086 ἡγεμονικοῦ
411 3011 481 3078 πῶς
511 3004 590 3087 ἔχει·
619 3004 699 3086 μετὰ
727 3003 791 3089 γάρ
814 3007 852 3070 τὸ
875 3015 1002 3086 γνῶναι
1025 3006 1075 3070 ὅτι
1098 3005 1201 3070 ἀσθε-

182 3117 249 3184 νῶς
277 3107 338 3172 ούκ
367 3109 414 3172 ἔτι
440 3110 577 3192 θελήσει
606 3116 752 3194 χρῆσθαι
775 3109 865 3198 αὐτῷ
889 3113 971 3196 πρὸς
998 3112 1038 3176 τὰ
1064 3112 1200 3198 μεγάλα.

183 3249 397 3258 ————-———

254 3329 352 3405 5<ἦ>
370 3334 455 3389 inm
485 3335 496 3402 ΙΙ
529 3335 709 3404 6θαυμάσει
723 3335 756 3392 S:
774 3353 875 3392 τουτο
905 3338 915 3406 ΙΙ
946 3338 1064 3391 Βούτου
1079 3337 1111 3394 S:
1130 3354 1198 3394 corr.

188 3402 250 3472 Upt.
289 3404 298 3472 ss
335 3398 441 3457 θ’έκεί
458 3402 526 3457 δντα
550 3403 584 3460 S:
607 3422 676 3460 σοκκ.
699 3406 783 3462 seluo.
823 3410 833 3478 Ι
875 3413 908 3460 16
930 3406 1060 3477 Ταράξας
1087 3411 1200 3479 scripsi:

184 3471 308 3543 *κράξας
323 3473 351 3540 S,
369 3473 474 3544 κράξας
493 3474 522 3534 Se
552 3478 562 3544 ΙΙ
595 3481 628 3528 19
665 3483 700 3546 ρῇ
718 3477 795 3546 Πολι
814 3476 916 3547 γρᾶιθ
939 3479 949 3546 ss
976 3484 1012 3532 20
1029 3478 1067 3548 μὴ
1087 3484 1148 3547 (aut
1165 3488 1199 3550 τῇ

134 3552 141 3567 ·
186 3542 277 3617 ου)
297 3544 394 3600 μου
413 3544 500 3614 τοι
528 3547 538 3616 ι
569 3551 604 3599 24
622 3496 681 3619 (λ)
699 3546 785 3616 ιιι
946 3553 963 3588 ³
