2626 3924
132 201 183 257 (lv,
199 205 217 257 1,
231 203 318 256 ιιι-ν,
331 200 352 252 ε)
405 189 558 243 BIBAION
574 189 773 242 TETAPTON.
797 188 838 242 α’.
862 188 902 260 β’.
1080 189 1148 253 343

382 454 427 542 β’.
464 455 563 542 Περὶ
586 464 891 541 συμπεριφορᾶς.

204 600 386 688 Τούτφτῷ
409 601 500 687 τόπῳ
522 600 586 682 πρὸ
609 598 744 663 πάντων
762 613 799 662 σε
818 599 872 663 δεῖ
891 579 1144 685 προσίχειν,μή
1164 617 1182 666 1

131 728 210 772 ποτε
233 706 387 790 ἀραιῶν
408 701 579 790 προτέρων
598 706 759 787 συνήθων
776 703 797 786 ἢ
820 705 929 788 φίλων
952 702 1145 792 ἀνακραθῇς

130 836 198 877 τινι
221 811 343 895 οὕτως,
370 807 447 875 ὥστ’
472 812 520 888 είς
546 811 586 874 τὰ
609 808 691 875 αὐτὰ
714 812 961 894 συγκαταβῆναι
983 810 1086 898 αὐτῷ·
1114 813 1182 877 είν

103 912 170 983 τδὲ
193 917 248 1001 μή,
272 915 407 994 ἀπολεῖς
430 919 578 981 σεαυτόν.
624 915 666 980 ἀν
685 912 726 978 δέ
746 912 776 980 σ’
797 913 961 1001 ὑποτρίχῃ
985 915 1036 980 ὅτι
1057 914 1145 981 ’ἀδί-

131 1021 201 1100 ξιος
219 1022 306 1110 αὐτῷ
328 1030 497 1106 φανοῦμαι
519 1018 575 1086 καὶ
594 1020 655 1106 ούχ
674 1021 795 1105 ὁμοίως
813 1019 877 1099 ἕξει
896 1021 941 1098 ὡς
957 1020 1145 1107 πρότερον’,

130 1125 290 1212 μέμνησο,
314 1128 364 1193 ὅτι
386 1137 507 1214 προῖκα
530 1123 631 1192 οὐδὲν
653 1130 781 1210 γίνεται
803 1123 876 1192 οὐδ’
905 1129 974 1192 ἔστι
997 1127 1144 1193 δυνατὸν

129 1235 174 1317 μὴ
202 1234 242 1297 τὰ
269 1233 351 1298 αὐτοὶ
376 1240 537 1298 ποιοῦντα
565 1232 636 1316 [μὴ]
666 1234 725 1297 τὸν
752 1231 855 1298 αὐτὸν
877 1226 964 1298 εἶναι
986 1240 1031 1318 τῷ
1054 1230 1143 1298 ποτέ.

129 1337 209 1404 ἑλοῦ
237 1332 299 1404 οὖν
325 1341 466 1424 πότερον
492 1335 619 1421 θέλεις,
652 1337 773 1421 ὁμοίως
804 1343 977 1422 φιλεῖσθαι
1003 1335 1062 1421 ὑφ’
1094 1331 1179 1404 ὧν3

86 1466 115 1506 ιο
128 1447 291 1530 πρότερον
318 1443 431 1527 ὅμοιος
459 1444 507 1508 ὢν
529 1451 574 1530 τῷ
598 1444 760 1529 πρότερον
784 1451 910 1530 σεαυτῷ
934 1441 955 1526 ἦ
978 1445 1142 1528 κρείσσων

129 1551 178 1615 ὢν
200 1551 245 1634 μὴ
272 1549 448 1636 τυγχάνειν
474 1572 542 1613 τον
570 1555 662 1613 ἴσον.
707 1550 738 1612 εί
763 1548 826 1634 γὰρ
854 1558 951 1614 τοῦτο
974 1559 1180 1649 κρεῖσσονχῖι

128 1655 273 1722 αὐτόθεν
300 1655 489 1721 ἀνάνευσον
511 1651 565 1719 ἐπὶ
591 1663 689 1719 τοῦτο
716 1653 803 1737 μηδέ
828 1671 864 1719 σε
886 1655 1140 1739 περισπάτωσαν

129 1762 165 1826 οί
184 1760 289 1848 ἕτεροι
312 1761 529 1844 διαλογισμοί.
576 1758 687 1836 οὐδεὶς
709 1760 772 1845 γὰρ
796 1759 1063 1846 ἐπαμφοτερίζον
1082 1761 1142 1825 δύ-

127 1889 224 1931 ναται
250 1868 433 1952 προκύύαι,
464 1862 534 1931 ἀλλ’
567 1867 599 1930 εί
623 1875 722 1934 τοῦτο
750 1865 885 1931 πάντων
911 1864 1140 1952 προκέκρικας,

85 1992 114 2034 τι
128 1973 160 2036 εί
180 1973 263 2057 πρὸς
283 1973 390 2061 τούτῳ
413 1974 505 2059 μύνφ
525 1968 636 2048 θέλεις
658 1966 756 2054 εἶναι,
779 1971 811 2035 εί
831 1978 928 2036 τοῦτο
948 1969 1140 2057 ἐκπονῆσαι,

127 2079 208 2163 ἀφες
230 2079 358 2143 ἅπαντα
380 2071 495 2142 τᾶλλα·
519 2078 551 2142 εί
568 2073 606 2142 δὲ
624 2078 680 2161 μή,
703 2071 800 2154 οὗτος
818 2077 836 2142 ὁ
855 2075 1176 2164 ίπαμφοτερισμὸςῖ

127 2181 282 2270 ἑκάτερόν
306 2199 360 2249 σοι
381 2184 524 2267 ποιήσει,
546 2183 622 2247 οὔτε
645 2185 825 2267 προκόψεις
846 2181 916 2248 κατ’
944 2182 1039 2262 ἀξίαν
1063 2181 1135 2251 οὔτ’

127 2288 264 2355 ἐκείνων
286 2286 383 2373 τεύξῃ
406 2281 454 2354 ὧν
476 2289 638 2372 πρότερον
659 2285 843 2371 ἐτύγχανες.
887 2291 1051 2376 πρότερον
1073 2290 1175 2375 γὰρσ

126 2397 312 2481 εἰλικρινῶς
334 2391 507 2477 ἐφιέμενος
527 2403 595 2458 τῶν
618 2391 756 2468 οὐδενὸς
778 2391 880 2470 ἀξίων
902 2393 986 2476 ἡδὺς
1007 2389 1047 2477 ἦς
1069 2406 1138 2472 τοῖς

84 2522 112 2562 το
126 2511 297 2567 συνοῦσιν.
343 2499 384 2565 οὐ
412 2500 554 2564 δύνασαι
578 2494 609 2561 δ’
637 2501 674 2563 ἐν
696 2496 871 2587 ἀμφοτέρῃ
894 2506 941 2586 τῷ
963 2499 1045 2563 εῖδει
1069 2500 1138 2564 διε-

215 2698 302 2760 bsqq.
316 2690 351 2746 of.
366 2689 453 2744 Ench.
469 2695 511 2758 25,
527 2695 555 2744 1:
570 2687 693 2761 μέμνησο
708 2689 740 2745 δὲ
755 2688 798 2744 ὅτι
812 2691 845 2744 ού
859 2689 981 2744 δύνασαι
995 2689 1032 2759 μὴ
1046 2690 1137 2746 ταῦτα

124 2771 214 2819 ποιῶν
228 2763 298 2834 πρὸς
311 2761 342 2816 τὸ
357 2759 505 2830 τυγχάνειν
518 2769 573 2814 τῶν
592 2761 643 2815 οάκ
662 2756 710 2828 ἐφ’
726 2759 793 2830 ἡμῖν
812 2768 867 2814 τῶν
886 2762 953 2815 ίσυν
972 2761 1135 2827 ἀξιοῦσθαι.

215 2841 230 2888 7
250 2833 284 2889 of.
303 2831 390 2888 Eneh.
407 2837 448 2954 Ιχ,
463 2837 492 2886 2:
512 2837 616 2903 προῖκα
634 2829 666 2885 δὲ
686 2830 769 2886 οὐδὲν
787 2833 969 2901 περιγίνεται.

197 2901 502 3041 ἀὲἀὲο.οάί.Εέιοιοὴ2ἀζ
515 2907 546 3027 ἀι
569 2972 738 3041 τηλικούτων
762 2968 813 3026 ούν
837 2968 984 3042 ἀφιέμενος
1002 2970 1135 3043 μέμνησο,

126 3045 170 3101 ὅτι
187 3074 202 3084 -
219 3045 268 3097 δεῖ
281 3073 292 3083 ·
305 3073 319 3084 -
331 3075 346 3084 -
363 3042 399 3097 τὰ
416 3042 467 3113 μὲν
486 3041 605 3112 ἀφιέναι
618 3047 760 3106 παντελῶς
772 3075 786 3084 -
799 3075 814 3083 -
826 3075 848 3100 -.
877 3039 974 3099 ἐὰνδὲ
989 3044 1038 3098 καὶ
1051 3043 1132 3099 ταῦτ’

126 3111 240 3186 ἐθέλῃς,
264 3145 302 3154 --
315 3146 329 3154 -
346 3113 431 3184 τυχὸν
453 3113 505 3183 μὲν
528 3109 579 3168 ούν
598 3111 660 3168 οὐδ’
682 3114 773 3169 αὐτῶν
792 3113 897 3168 τούτων
914 3114 1010 3187 τεύξῃ,
1034 3114 1135 3171 διὰτὸ

124 3185 175 3242 καλ
192 3193 247 3240 τῶν
264 3182 407 3257 προτέρων
426 3180 568 3253 ἐφίεσθαι.

196 3261 231 3311 20
241 3272 302 3324 sqq.
321 3255 356 3312 of.
375 3255 462 3310 Enoh.
479 3261 521 3309 13.

196 3403 211 3452 1
223 3405 368 3467 συμφορᾶς
377 3398 410 3452 S.-
422 3413 490 3453 οονν.
505 3414 540 3453 m.
554 3413 605 3453 rec.
615 3403 663 3453 ets
675 3399 685 3466 ΙΙ
699 3395 861 3468 ῖπρίτερον
872 3397 970 3454 Οονααε
986 3397 996 3470 Η
1016 3399 1136 3469 ἀνακοι-

122 3473 192 3538 &me
210 3468 240 3525 S:
259 3484 362 3524 εοεαε
396 3468 406 3536 ΙΙ
443 3473 477 3520 10
495 3466 629 3538 πρότερος
646 3466 742 3538 ὅμοιος
760 3468 792 3524 S:
811 3484 880 3524 corr.
900 3468 932 3528 Sa
967 3471 976 3538 ΙΙ
1009 3474 1042 3522 12
1061 3470 1135 3524 ἀπύ-

123 3556 225 3595 νεοσον
239 3538 287 3600 ὅτε
301 3536 475 3592 ἀπύνεοσσον
489 3545 539 3594 αυί
552 3538 716 3594 ἀπονεύσων
730 3539 760 3609 S,
773 3538 941 3594 ἀπονεύσειν
955 3539 984 3600 8.
1005 3541 1049 3608 (αῖ
1062 3541 1131 3608 vid.)
