2626 3924
129 207 181 263 (Π,
196 211 218 263 ε,
232 210 306 261 ει-ε,
319 203 341 256 ε)
390 199 544 252 ΒΙΒΛΙΟΝ
561 197 759 252 ΤΕΤΑΡΤΟΝ.
783 195 818 249 ε’.
838 192 876 254 ς’.
1078 195 1142 260 361

129 355 186 423 καὶ
209 356 400 433 νόσοιςκαὶ
423 357 583 435 θανάτοις
605 359 661 422 καὶ
683 359 797 434 ἄλλοις
818 357 989 434 τοιούτοις.
1015 393 1051 405 —-
1074 361 1179 424 Πόσ

131 488 228 550 τερον
252 458 314 530 οὖν
332 466 465 530 πείθειν
484 464 727 550 παρεσκεύασαι
745 466 823 540 τοὺς
840 464 996 549 πολλούς,
1019 464 1064 541 ὡς
1082 464 1146 550 ἀρα

131 566 233 636 οὐδὲν
260 570 387 634 τούτων
414 573 517 635 κακόν
545 569 651 654 ἐστιν,
682 566 753 635 ἀλλ’
785 560 859 637 οἷόν
886 592 921 636 τε
947 568 1003 635 καὶ
1029 569 1146 655 πένητι

131 674 187 741 καὶ
206 675 339 764 ἀνάρχφ
358 671 430 741 ὄντι
448 674 503 741 καὶ
521 675 626 765 ἀτίμῳ
650 676 873 761 εὐδαιμονεῖν,
894 675 915 759 ή
935 677 1058 742 σαυτὸν
1078 675 1147 742 ἐπι-

103 805 117 845 ε
132 784 300 849 δεικνύειν
323 782 435 859 αὐτοῖς
452 788 661 848 πλουτοῦντα
684 780 739 848 καί
757 783 915 869 άρχοντα;
938 783 1065 848 τούτων
1082 785 1145 869 γάρ
1164 799 1183 847 4

131 890 172 955 τδι
208 885 269 973 μὲν
307 890 444 976 δεύτεροι
483 887 640 968 ἀλαζόνος
670 886 725 954 καὶ
757 899 889 976 ψυχροῦ
920 886 976 954 καί
1008 889 1147 966 οὐδενὸς

132 993 237 1073 ἀξίου.
282 993 337 1060 καὶ
364 996 384 1079 ή
414 999 633 1083 προσποίησις
660 996 722 1083 ὅρα
749 990 794 1061 δι’
825 996 907 1061 οἵων
930 995 972 1061 άν
1000 992 1145 1080 γένοιτο·

134 1099 296 1187 δουλάριά
318 1117 354 1166 σε
378 1104 566 1189 χρήσασθαι
589 1103 701 1186 δεήσει
723 1098 779 1166 καὶ
797 1099 1032 1188 ἀργυρωμάτια
1051 1101 1147 1184 ὀλίγα

132 1213 314 1290 κεκτῆσθαι
336 1204 392 1272 καὶ
413 1215 516 1272 ταῦτα
542 1205 578 1273 ἐν
600 1215 734 1294 φανερῷ
755 1208 932 1290 δεικνύειν,
956 1208 987 1272 εί
1009 1198 1147 1290 οἷόντε,

90 1335 119 1376 10
133 1313 236 1388 ταύτὰ
263 1313 420 1390 πολλάκις
451 1310 505 1379 καὶ
538 1314 720 1379 λανθάνειν
752 1320 933 1401 πειρᾶσθαι
964 1313 1016 1378 ὅτι
1045 1312 1148 1378 ταύτά

134 1420 215 1504 ἐστι,
237 1417 292 1484 καὶ
317 1420 464 1504 ίματίδια
487 1421 626 1485 στιλπνὰ
649 1417 704 1485 καὶ
726 1421 787 1504 τήν
811 1407 916 1504 ἀλλην
938 1421 1073 1505 πομπὴν
1091 1416 1147 1484 καὶ

133 1529 192 1592 τὸν
215 1527 401 1610 τιμώμενον
428 1524 616 1610 ἐπιφαίνειν
637 1525 703 1591 ὑπὸ
731 1536 798 1591 τῶν
826 1526 997 1611 ἐπιφανῶν
1018 1528 1149 1592 τούτων

134 1629 190 1698 καὶ
218 1634 365 1698 δειπνεῖν
392 1639 572 1718 πειρᾶσθαι
594 1629 671 1719 παρ’
698 1632 812 1710 αὐτοῖς
834 1632 855 1717 ή
879 1633 992 1698 δοκεῖν
1015 1655 1069 1716 γε,
1098 1631 1149 1697 ότι

136 1741 295 1822 δειπνεῖς,
321 1736 377 1803 καὶ
404 1735 480 1824 περὶ
506 1740 544 1803 τὸ
572 1747 665 1822 σῶμα
694 1736 734 1803 δέ
753 1761 827 1804 τινα
849 1749 1076 1823 κακοτεχνεῖν,
1105 1737 1150 1814 ὡς

94 1863 121 1906 ιε
133 1845 381 1932 εὐμορφότερον
408 1847 590 1929 φαίνεσθαι
613 1841 667 1910 καὶ
697 1846 930 1929 γενναιότερον
953 1853 1014 1910 τοῦ
1037 1845 1150 1920 ὄντος·

135 1951 237 2017 ταῦτά
273 1968 309 2017 σε
347 1953 399 2017 δεῖ
435 1944 665 2036 μηχανᾶσθαι,
703 1952 735 2015 εί
772 1951 832 2034 τήν
871 1951 1029 2038 δευτέραν
1067 1950 1185 2016 ὀδὸνσ

136 2054 267 2122 ἀπιέναι
293 2053 404 2134 θέλεις
432 2057 514 2122 ὥστε
541 2058 586 2142 μή
615 2055 789 2124 ἐλεεῖσθαι.
839 2057 860 2140 ή
888 2058 999 2143 πρώτη
1029 2053 1066 2122 δὲ
1093 2053 1150 2122 καί
1200 2113 1202 2117 ,

136 2162 299 2248 ἀνήνυτος
321 2160 377 2228 καὶ
399 2163 525 2248 μακρά,
549 2162 567 2228 δ
590 2162 609 2228 δ
633 2165 719 2239 Ζεὺς
741 2163 802 2228 οὐκ
824 2163 979 2248 ἠδυνήθη
1003 2171 1150 2247 ποιήσαι,

135 2277 234 2335 τοῦτο
257 2267 338 2334 αὐτὸ
362 2267 550 2355 ἐπιχειρεῖν,
572 2268 696 2346 πάντας
714 2267 915 2353 ἀνθρώπους
932 2281 1054 2354 πεῖσαι,
1075 2272 1150 2335 τίνα

97 2395 124 2436 νο
138 2370 227 2439 ἐστὶν
258 2371 369 2456 ἀγαθά
398 2372 454 2438 καί
483 2374 574 2439 κακά.
625 2375 669 2459 μή
700 2375 762 2459 γάρ
791 2372 926 2440 δέδοταί
953 2391 1007 2440 σοι
1035 2385 1149 2453 τοῦτο;

138 2479 245 2546 έκεῖνο
269 2481 375 2563 μόνον
403 2495 457 2545 σοι
486 2478 635 2562 δέδοται,
663 2480 786 2544 σαυτὸν
812 2489 933 2544 πεῖσαι.
978 2476 1034 2543 καὶ
1057 2480 1187 2545 ούπωσ

138 2584 303 2662 πέπεικας·
327 2580 397 2650 εἶτά
419 2609 476 2670 μοι
494 2594 559 2650 νῦν
577 2585 749 2672 ἐπιχειρεῖς
766 2587 900 2650 πείθειν
917 2587 995 2661 τοὺς
1015 2585 1151 2665 άλλους;

137 2691 193 2757 καὶ
224 2695 273 2768 τίς
304 2707 358 2757 σοι
387 2692 534 2780 τοσούτφ
562 2694 671 2780 χρόνῳ
700 2692 855 2757 σύνεστιν
883 2691 927 2768 ὡς
954 2693 996 2756 σὺ
1025 2699 1187 2780 σαυτῷ;7

138 2801 188 2875 τίς
215 2793 252 2863 δέ
279 2797 366 2864 ούτοι
394 2800 538 2874 πιθανός
565 2797 637 2863 ἐστί
662 2814 715 2862 σοι
743 2798 825 2882 πρὸς
848 2797 885 2861 τὸ
908 2806 1018 2861 πεῖσαι
1042 2798 1087 2874 ὡς
1109 2801 1151 2863 σὺ

100 2921 127 2965 ει
140 2910 263 2990 aava&
285 2907 334 2982 τίς
358 2901 388 2969 δ’
415 2903 636 2989 εὐνούστερον
656 2901 712 2968 καί
733 2905 934 2988 οἰκειότερον
957 2905 1042 2988 ἔχων
1065 2903 1085 2988 ή
1110 2907 1152 2969 σὺ

141 3018 266 3097 σαυτῷ,
292 3021 361 3088 πῶς
388 3005 451 3076 οὖν
474 3011 567 3076 ούπω
594 3009 749 3087 πέπεικας
776 3011 900 3075 σαυτὸν
923 3015 1059 3094 μαθεῖν;
1088 3019 1189 3076 νῦν8
1302 3039 1303 3096 χ

141 3115 215 3199 οὐχί
246 3116 315 3182 ἀνω
347 3117 449 3196 κάτω;
482 3114 572 3182 τοῦτ’
606 3119 676 3182 ἐστι
706 3114 781 3202 περὶ
814 3116 832 3181 δ
861 3115 1079 3195 ἐσπούδακας;
1112 3116 1153 3182 οὐ

140 3223 339 3306 μανθάνειν,
366 3223 449 3288 ὥστε
472 3223 598 3300 ἄλυπος
628 3219 715 3289 εἶναι
737 3221 793 3288 καὶ
815 3221 976 3309 ἀτάραχος
998 3219 1053 3287 καὶ
1077 3221 1154 3287 ἀτα-

211 3412 361 3487 4ἀνάρχφ
385 3413 567 3470 ἀναδύεται
594 3413 750 3484 ἀρχοντιδ
790 3416 800 3483 ΙΙ
846 3417 879 3467 15
903 3410 1100 3484 γενναιοτέρου
1120 3414 1155 3468 S:

141 3485 257 3612 m&
297 3488 307 3554 ΙΙ
347 3491 382 3540 27
403 3486 435 3540 ού
453 3487 566 3555 seripsi:
591 3485 640 3540 καὶ
659 3485 694 3554 8,·
718 3487 847 3542 lammam
870 3491 934 3541 ναῖε
952 3484 1001 3540 καί
1018 3486 1156 3541 indicavit
