2636 3930
173 135 239 201 264
319 137 501 189 ΑΡΡῑΑΝΟΤ
519 136 592 188 ΤΩΝ
611 136 828 187 ΕΠΙΚΤΗΤΟΤ
846 133 1040 188 ΔΙΑἸῬΙΒΩΝ

138 296 378 384 νπράγμάτος,
415 298 617 381 Σκεψόμεθα
654 297 735 361 κατά
770 300 902 381 σχολήν.
956 304 1118 361 τοσοῦτον
1153 292 1189 360 δ’

172 405 235 490 ἔχω
270 418 324 468 σοι
359 402 479 486 εἰπεῖν,
516 402 565 467 ότι
600 402 618 468 ὁ
656 402 732 491 δίχα
764 409 849 468 θεοῦ
885 403 1068 490 τηλικούτῳ
1103 401 1194 485 πρά-

173 532 271 594 γματι
294 507 551 592 ἐπιβαλλόμενος
572 511 780 593 θεοχόλιοτός
807 507 875 574 ἐστι
902 504 957 573 καί
980 504 1081 574 ούύλν
1104 508 1193 573 άλλο

137 614 193 699 εῆ
217 617 360 704 δημοσίᾳ
386 611 479 680 θέλει
507 613 717 700 ἀσχημονεῖν.
762 611 842 681 οὐδὲ
870 615 933 700 γὰρ
957 612 995 679 ἐν
1017 615 1106 702 οἰκίᾳ
1128 637 1193 678 κα-

173 726 238 799 λῶς
261 719 438 807 οἰκουμένῃ
462 722 641 806 παρελθών
663 743 712 796 τις
740 721 840 797 αὐτὸς
866 717 971 807 ἑαυτῷ
999 717 1087 803 λέγει
1117 715 1192 803 ‘gub
1221 744 1235 784 5

173 829 227 894 δεῖ
248 830 427 912 οἰκονόμον
449 823 561 894 εἶναι’·
595 830 626 892 εἰ
648 823 685 892 δὲ
709 829 769 911 μή,
797 823 1008 913 ἐπιστραφεὶς
1030 825 1048 892 ὁ
1072 826 1193 910 κύριος

172 932 227 999 καί
251 937 333 1000 ἰδὼν
357 935 459 1001 αὐτὸν
483 937 633 1020 σοβαρῶς
655 935 929 1018 ὃιατασσόμενον,
957 929 1097 1008 ἑλκύσας
1120 933 1191 996 ἔτε-

137 1058 243 1125 τμεν.
293 1040 380 1106 οὕτω
410 1041 536 1123 γίνεται
568 1037 623 1104 καί
656 1037 692 1104 έν
723 1047 762 1123 τῇ
794 1038 919 1123 μεγάλῃ
952 1039 1053 1122 ταύτῃ
1082 1039 1192 1114 πόλει.

174 1148 242 1210 ἔστι
265 1147 328 1231 γάρ
351 1169 400 1221 τις
422 1143 477 1210 καί
501 1141 618 1211 ἐνθάδ’
643 1145 877 1227 οἰκοδεσπότης
900 1143 1019 1210 ἕκαστα
1044 1143 1089 1224 [ὁ]
1115 1144 1191 1207 δια-

138 1269 154 1318 σ
173 1251 312 1316 τάσσων.
351 1250 404 1316 ’σὺ
422 1251 517 1334 ἥλιος
535 1247 577 1316 εἰ·
601 1251 743 1316 δύνασαι
761 1253 1013 1336 περιερχόμενος
1032 1247 1190 1314 ἐνιαυτὸν
1207 1275 1232 1316 ιο

174 1367 283 1422 ποιεῖν
305 1353 360 1420 καί
384 1356 470 1442 ὥρας
493 1354 548 1420 καλ
570 1359 649 1433 τοὺς
670 1359 817 1440 καρποὺς
839 1355 953 1434 αὔξειν
974 1353 1031 1421 καί
1052 1353 1190 1441 τρέφειν

174 1460 230 1527 καὶ
258 1460 400 1546 ἀνέμους
431 1474 538 1528 κινείν
569 1461 624 1528 καί
652 1461 781 1528 ἀνιέναι
807 1459 863 1526 καί
890 1462 930 1527 τὰ
958 1463 1092 1546 σώματα
1119 1471 1190 1526 τῶν

174 1567 364 1654 ἀνθρώπων
396 1572 593 1656 θερμαίνειν
621 1566 825 1654 συμμέτρως·
857 1567 979 1650 ὕπαγε,
1009 1565 1189 1653 περιέργου

174 1671 229 1740 καὶ
249 1673 335 1740 ούτω
355 1677 497 1741 διακίνει
516 1675 579 1741 άπὸ
599 1685 665 1740 τῶν
689 1677 852 1758 μεγίσταν
871 1671 925 1738 ἐπὶ
944 1674 984 1738 τά
998 1676 1189 1758 μικρότατα.

139 1801 155 1849 6
174 1783 216 1846 σὺ
231 1782 414 1867 μοσχάριον
428 1778 470 1848 εἰ·
489 1782 569 1847 ὅταν
585 1781 728 1866 ἐπιφανῇ
742 1777 839 1863 λέων,
855 1780 892 1844 τὸ
908 1788 1032 1845 σαυτοῦ
1045 1788 1186 1866 πρᾶσσε·
1202 1802 1227 1844 ιε

174 1889 207 1951 εἰ
228 1883 264 1950 δὲ
288 1891 344 1971 μή,
367 1885 525 1970 οἰμώξεις.
572 1889 613 1951 σὺ
637 1895 757 1968 ταῦρος
779 1881 820 1968 εἰ,
843 1886 1042 1971 προσελθὼν
1065 1885 1187 1971 μάχου·
1297 1963 1298 1984 ρ

175 1989 228 2057 σοί
251 1993 314 2077 γάρ
337 2000 435 2058 τοῦτο
459 1990 627 2075 ἐπιβάλλει
650 1990 705 2057 καί
727 1990 845 2078 πρέπει
867 1989 923 2056 καί
944 1991 1086 2056 δύνασαι
1105 1991 1186 2056 αὐτὸ

139 2107 291 2165 ιποιείν.
342 2100 384 2162 σὺ
412 2097 553 2163 δύνασαι
581 2097 736 2180 ἡγεῖσθαι
768 2106 828 2164 τοῦ
860 2097 1102 2184 στρατεύματος
1133 2095 1187 2162 ἐπὶ

165 2200 282 2268 Ἴλιον·
307 2208 379 2267 ἰσθι
395 2198 618 2288 Ἀγαμέμνων.
655 2205 697 2268 σύ
715 2205 859 2269 δύνασαι
876 2212 921 2291 τῷ
933 2201 1068 2290 Ἵύιτορι
1086 2227 1186 2287 μονο-

138 2317 329 2394 8μαχῆσαι·
362 2315 434 2374 ίσθι
459 2305 647 2394 Ἀχιλλεύς.’
697 2311 729 2375 εἰ
755 2306 793 2375 δὲ
822 2313 981 2396 Θερσίτης
1006 2311 1185 2396 παρελθὼν
1199 2333 1226 2372 ιο

160 2521 402 2608 «ἠσχημόνησεν
426 2520 463 2586 έν
485 2524 613 2587 πλείοσι
637 2521 790 2607 μάρτυσι.

138 2646 154 2694 9
240 2625 306 2691 Καὶ
335 2630 376 2692 σύ
404 2627 583 2710 βούλευσαι
610 2625 686 2713 περλ
713 2628 901 2713 πράγματος
923 2626 1095 2713 ἐπιμελῶς·
1124 2629 1185 2694 οὐκ

122 2751 155 2800 10
174 2734 264 2796 ἔστιν
288 2723 361 2797 οἷον
385 2734 479 2798 δοκεῖ
504 2748 566 2798 σοι.
617 2733 807 2818 ῗτριβύνιον
834 2730 889 2799 καί
916 2742 981 2800 νῦν
1008 2745 1102 2820 φορῶ
1130 2731 1184 2799 καί
1297 2753 1298 2836 ρ

173 2835 248 2902 τόθ’
275 2836 349 2921 ἔξω,
374 2847 537 2922 κοιμῶμαι
560 2835 615 2902 καί
638 2845 702 2902 νῦν
725 2843 876 2925 σκληρῶς
898 2837 953 2905 καί
975 2841 1047 2904 τότε
1070 2841 1183 2922 κοιμή-
1196 2859 1221 2900 ιι
1297 2849 1298 2934 ρ

174 2958 285 3027 σομαι,
307 2943 465 3028 πηρίόιον
482 2944 716 3028 προσλήψομαι
739 2941 793 3008 καί
816 2943 917 3022 ξύλον
938 2942 992 3009 καί
1015 2947 1183 3031 τεριερχό-

247 3247 261 3295 1
281 3239 379 3314 (ἔφη)
399 3239 472 3294 m&
491 3239 520 3300 sc
555 3242 565 3309 ι
597 3245 612 3293 9
632 3239 646 3293 ε
666 3239 823 3294 ειιιαισωι
842 3209 913 3295 οτι
931 3258 1032 3312 λιιι·
1050 3239 1065 3295 ι
1084 3241 1135 3297 ιιι.
1148 3257 1161 3295 ι
1173 3241 1183 3312 γ

177 3317 210 3365 14
231 3310 359 3366 διακόνει
382 3312 463 3377 Wolf
484 3313 494 3378 [Ι
526 3305 573 3365 ἐπὶ
591 3325 675 3364 οταν
705 3315 715 3377 ΙΙ
747 3316 780 3365 17
800 3310 844 3364 σοί
861 3327 888 3365 8:
911 3311 985 3367 σύιῗ
1018 3314 1027 3378 ΙΙ
1061 3317 1095 3365 22
1114 3309 1182 3380 μάρ-
1297 3377 1298 3380 ¹

174 3398 236 3435 τυσι
254 3398 337 3437 ουλε
369 3384 379 3450 ΙΙ
411 3387 444 3434 23
465 3381 497 3434 σύ
516 3380 665 3453 βούλευσαι
688 3381 749 3449 Πβί.
774 3398 788 3435 e
811 3382 883 3436 cod„-
908 3383 1111 3454 συμβουλεῦσαι
1130 3381 1151 3436 S
1174 3383 1181 3450 ιλ
1297 3391 1298 3460 ρ

175 3493 209 3540 25
232 3485 297 3540 τόθ’
317 3488 429 3557 scripsi:
452 3485 500 3540 τότ
518 3484 551 3551 S,·
576 3469 671 3546 τοίῧι
