2636 3922
117 214 146 268 (1,
161 217 196 267 νο,
210 217 286 268 ε-ει,
299 212 322 262 4)
390 203 544 255 BIBAION
562 201 720 255 ΠΡΩΤΟΝ.
743 201 782 254 κ’.
806 199 866 254 κα’.
1095 193 1138 262 69

116 363 176 428 καὶ
202 367 239 428 τί
264 363 334 429 έστι
362 364 465 448 φύσις
492 363 513 446 ἡ
541 361 595 428 ἐπὶ
622 361 745 448 μέρους
767 360 822 427 καὶ
845 365 881 427 τί
902 360 972 427 έστι
994 361 1096 445 φύσις
1117 357 1138 443 ἡ

117 481 189 536 τῶν
216 469 332 548 mont?
364 471 429 556 ῇθη
453 471 590 557 μακρόν.
636 468 679 534 ἀν
711 463 775 534 οὖν
805 467 916 534 έλθὼν
945 464 1139 552 Ἐπίκουρος
1159 481 1191 532 17

117 583 210 662 εἴπῇ,
233 576 285 641 ὅτι
304 575 342 642 ἐν
361 575 458 663 σαρκὶ
481 578 534 641 δεῖ
555 563 641 641 εἶναι
663 577 711 640 τά
725 574 868 658 ἀγαθόν,
890 574 992 639 πάλιν
1012 573 1142 658 μακρὸν

118 686 248 766 γίνεται
271 681 327 747 καὶ
351 682 477 767 ἀνάγκη
500 682 641 748 ἀκοῦσαι
663 685 699 747 τί
718 683 755 747 τὸ
774 682 1027 767 προηγούμενόν
1051 678 1141 744 ἐστιν

90 785 175 873 εέφ’
205 788 318 873 ἡμῶν,
345 794 381 855 τί
404 791 441 855 τὸ
471 789 693 855 ὑποστατικὸν
723 784 778 851 καὶ
806 785 974 862 οὐσιῶδες.
1025 785 1075 850 ὅτι
1102 785 1140 849 τὸ

119 897 259 979 κοχλίου
283 894 415 977 ἀγαθὸν
442 894 505 961 οὐκ
529 895 615 971 εἰκὸς
643 888 728 958 εἶναι
751 891 833 976 <έν>
855 900 901 980 τῇ
924 891 1076 975 κελύφει,
1103 890 1140 955 τὸ

121 995 186 1065 οὖν
209 1009 272 1066 τοῦ
294 999 479 1087 ἀνθρώπου
501 1003 603 1078 εέκύςς
632 1002 674 1064 σὺ
704 996 733 1063 δ’
762 997 862 1075 αὐτὸς
883 1001 918 1063 τί
937 998 1141 1083 κυριώτερον
1161 1013 1194 1062 18

121 1109 219 1192 ἔχεις,
244 1103 434 1192 Ἐπίκουρες
458 1109 494 1171 τί
514 1104 604 1171 ἐστιν
627 1104 665 1170 έν
688 1102 742 1169 σοὶ
764 1106 802 1170 τὸ
825 1105 1083 1188 βουλευόμενον,
1103 1103 1141 1167 τὸ

122 1212 406 1298 ἐπισκεπτόμενον
429 1212 560 1295 ἕκαστα,
582 1214 620 1278 τὸ
643 1209 719 1297 περὶ
742 1220 799 1296 τῇς
822 1212 944 1296 σαρκὸς
966 1209 1067 1292 αὐτῇς
1090 1206 1143 1274 ὅτι

80 1347 108 1386 ιο
121 1321 160 1384 τὸ
182 1320 439 1406 προηγούμενύν
467 1318 536 1385 έστι
565 1320 630 1401 [τὸ]
660 1317 845 1404 έπικρῖνον;
874 1320 910 1382 τί
936 1313 973 1381 ἀὲ
999 1313 1054 1380 καὶ
1083 1316 1141 1380 λύ-
1157 1331 1194 1381 '19

120 1449 206 1510 χνον
229 1426 343 1502 ἀπτεις
364 1425 420 1491 καὶ
441 1437 557 1502 πονεῖς
583 1420 668 1510 ὑπὲρ
695 1424 790 1508 ἡμῶν
813 1421 868 1488 καὶ
891 1428 1070 1508 τηλικαῦτα
1092 1424 1141 1505 βι-

120 1535 201 1616 βλία
220 1531 373 1619 γράφεις;
396 1532 453 1598 ἵνα
471 1533 516 1616 μὴ
539 1530 755 1614 ἀγνοήσομεν
773 1528 866 1613 ἡμεῖς
884 1529 946 1612 τὴν
964 1527 1143 1612 ἀλύθειανς

121 1641 215 1710 τίνες
235 1636 345 1718 ἡμεῑςς
372 1639 408 1698 τί
426 1639 510 1719 πρὸς
537 1631 575 1698 σὲ
602 1636 709 1711 ύντες;
738 1634 822 1699 ούτω
851 1636 974 1718 μακρὸς
1002 1634 1019 1700 ὁ
1044 1636 1142 1716 λόγος

121 1742 261 1823 γίνεται.

82 2189 108 2228 15
200 2161 267 2228 ια’.
304 2164 412 2247 Πρὸς
438 2165 530 2240 τοὺς
557 2162 833 2247 θαυμάζεσθαι
861 2161 1065 2239 θέλοντας.

182 2302 287 2370 Ὅταν
309 2326 359 2382 τις
385 2304 428 2387 ἣν
456 2305 510 2369 δελ
535 2303 651 2369 στάσιν
679 2306 737 2390 ἔχῃ
765 2303 803 2369 έν
829 2313 874 2392 τῇ
901 2307 982 2391 βίῳ,
1010 2303 1071 2381 ἔξω
1100 2303 1176 2370 ούι

123 2410 273 2496 κέχηνεν.
320 2391 497 2496 ἄνθρωπε,
523 2411 559 2474 τί
578 2407 690 2486 θέλεις
712 2426 765 2476 σοι
789 2409 962 2493 γενέσθαι;
991 2408 1055 2492 ἐγὼ
1078 2405 1141 2493 μὲν
1160 2428 1176 2475 2

125 2515 307 2602 ἀρκοῦμαι,
335 2515 378 2582 ἂν
405 2514 571 2603 ὀρέγωμαι
599 2513 655 2581 καὶ
683 2514 821 2581 έκκλίνω
848 2515 931 2580 κατὰ
953 2515 1072 2599 φύσιν,
1099 2513 1142 2579 ἀν

125 2623 212 2708 ὁρμῇ
236 2620 291 2687 καὶ
314 2621 449 2708 ἀφορμῇ
471 2633 601 2708 χρῶμαι
621 2623 666 2698 ὡς
684 2620 826 2707 πέφυκα,
849 2620 892 2686 ἀν
909 2619 1081 2707 προθέσει,
1099 2619 1143 2686 ἀν

85 2751 112 2792 ιο
126 2727 283 2813 ἐπιβολῇ,
319 2727 361 2794 ἀν
394 2726 642 2812 συγκαταθέσει.
697 2732 733 2793 τί
762 2723 824 2793 οὖν
857 2727 936 2812 ἡμῖν
968 2727 1145 2812 ὀβελίσκον

125 2836 296 2901 καταπιὼν
322 2845 526 2920 περιπατε7ς;
558 2833 717 2917 (ῇθελον,
747 2835 803 2899 ἵνα
832 2857 872 2918 με
901 2832 956 2900 καὶ
984 2835 1019 2899 οἱ
1039 2833 1177 2901 ἀπαν-3

125 2953 248 3018 τῶντες
282 2940 478 3025 θαυμάζωσι
517 2938 573 3005 καὶ
606 2941 913 3017 ἐπακολουθοῦντες
945 2940 1143 3026 έπικραυγύ-

127 3051 243 3126 ζωσιν·
268 3041 294 3110 ὦ
317 3045 464 3131 μεγάλου
486 3045 698 3131 φιλοσόφου’
733 3049 821 3124 τίνες
844 3045 929 3112 εἰσὶν
953 3041 1056 3131 οὗτοι,
1078 3043 1136 3131 ὑφ’
1159 3064 1177 3112 4
1234 3073 1241 3077 ·

125 3173 341 3182 ---—.—-.-.

223 3244 238 3291 2
260 3237 336 3308 Epic.
356 3237 402 3291 Ue.
422 3237 521 3306 fragm.
542 3243 595 3292 408
614 3239 690 3308 (pag.
707 3243 768 3308 777,
782 3242 837 3307 30).

199 3317 234 3365 10
252 3307 331 3379 Epic,
349 3307 397 3363 Us.
416 3327 444 3378 p.
460 3313 503 3378 87,
519 3314 561 3363 11.

126 3420 340 3430 ,α--ι--ᾴ

199 3481 310 3560 6<έν>
329 3489 382 3541 ins.
400 3447 468 3554 ε.Ἰ
505 3492 538 3540 10
556 3486 589 3540 τὸ
607 3493 671 3540 ουλε
690 3480 835 3554 έπινρῖνον
854 3486 905 3539 dez.
929 3485 1029 3541 Umor
1064 3487 1074 3552 ΙΙ
1107 3490 1139 3536 19

126 3555 281 3630 προσθέσει
300 3557 333 3613 S:
352 3573 421 3612 εονν.
441 3557 613 3626 Meibomiue,
627 3562 778 3626 μναιινιιλι
801 3555 900 3623 Wolfio
