2636 3930
124 203 187 261 (111,
202 209 235 260 εο,
250 208 336 260 ιε-ιι,
351 205 386 255 12)
426 195 579 250 ΒΙΒΔΙΟΝ
596 198 736 250 ΤΡΙΤΟΝ.
756 196 794 250 κ’.
815 195 873 249 ια’,
1077 197 1140 262 261

125 359 234 422 οῦτόν
255 379 287 421 τι
308 353 363 422 καὶ
386 359 429 422 σὺ
452 359 606 441 ποίησον·
630 357 715 442 φάγε
738 357 783 435 ώς
805 359 999 444 ἀνθρωπος,
1021 361 1075 425 πίε
1100 360 1145 438 ὡς

124 463 324 548 ἅνθρωπος,
351 463 553 547 κοσμήθητι,
579 464 746 547 γάμησον,
768 465 1027 549 παιδοποίησον,
1049 469 1143 532 πολί-

125 583 256 634 τευσαι·
280 566 429 654 ἀνάσχου
451 569 631 655 λοιδορίας,
653 571 765 651 ἔνεγκε
787 569 934 655 ἀδελφὸν
952 570 1143 657 ἀγνώμονα,

126 675 242 756 ἐνεγκε
265 671 404 760 πατέρα,
427 675 538 757 ένεγκε
561 676 649 758 υίόν,
672 678 815 758 γείτονα,
838 676 993 742 σύνοδον.
1039 688 1142 744 ταῦτα
1161 695 1177 744 6

94 779 212 863 εήμίν
235 778 357 862 δεῖξον,
380 777 425 845 ἵν’
447 781 583 865 ἴδωμεν,
604 779 655 845 ότι
673 781 865 865 μεμάθηκας
884 793 954 858 ταῖς
971 781 1145 867 ἀληθείαις

127 908 161 950 τι
184 895 252 950 τών
274 888 480 970 φιλοσόφων.
527 887 580 951 οὔ·
604 883 677 952 ἀλλ’
700 885 869 964 ’ἐλθόντες
891 885 1056 953 ἀκούσατέ
1077 913 1142 973 μου

129 993 248 1076 σχόλια
280 989 456 1074 λέγοντος’.
507 992 629 1076 ὕπαγε,
662 994 746 1076 ζήτει
777 997 879 1058 τίνων
911 993 1144 1080 κατεξεράσεις.

128 1095 198 1162 ζκαὶ
221 1098 287 1182 μήν
311 1097 374 1180 ἐγὼ
397 1098 478 1182 ὑμίν
501 1097 700 1182 ἐξηγήσομαι
724 1100 764 1164 τά
788 1101 994 1182 Χρυσίππεια
1018 1101 1063 1177 ὡς
1085 1101 1177 1166 οὐ-7

130 1204 216 1288 δείς,
243 1205 305 1288 τήν
332 1202 422 1282 λέξιν
449 1205 597 1269 διαλύσω
627 1206 859 1292 καθαρώτατα,
889 1209 1072 1292 προσθήσω
1101 1208 1143 1272 ἀν

85 1331 115 1370 ιο
129 1331 196 1375 που
220 1307 276 1374 καὶ
294 1307 511 1397 Ἀντιπάτρου
534 1309 589 1376 καὶ
609 1308 811 1398 Ἀρχεδήμου
833 1312 965 1398 φοράν.’

199 1410 282 1480 Εἶτα
304 1417 424 1482 τούτου
448 1415 544 1482 ἕνεκα
567 1415 774 1483 ἀπολίπωσιν
798 1418 833 1484 οί
857 1417 927 1485 νέοι
950 1421 1007 1497 τάς
1029 1422 1178 1506 πατρί-8

129 1521 192 1598 δας
213 1519 268 1586 καὶ
291 1524 368 1599 τοὺς
390 1533 501 1606 γονεῖς
518 1525 597 1599 τοὺς
615 1523 736 1606 αὑτῶν,
759 1520 804 1587 ’ἀν’
826 1522 983 1602 ἐλθόντες
1001 1524 1143 1604 λεξείδιά

130 1644 193 1693 σου
208 1625 430 1713 ἐξηγουμένου
447 1627 650 1707 άκούσωσινς
669 1628 710 1693 οὐ
730 1629 784 1692 δεῖ
799 1628 920 1706 αὐτοὺς
938 1628 1143 1716 ὑποστρέψαι
1162 1645 1178 1694 9

130 1733 333 1817 ἀνεκτικούς,
347 1735 615 1820 συνεργητικούς,
630 1733 781 1817 άπαθείς,
795 1731 989 1820 ἀταράχους,
1008 1736 1144 1820 ἔχοντάς

89 1858 118 1899 ιο
130 1862 163 1904 τι
186 1838 325 1925 ἐφόδιον
347 1850 500 1907 τοιοῦτον
527 1843 575 1917 είς
600 1842 660 1906 τὸν
687 1843 780 1924 βίον,
807 1836 863 1924 ἀφ’
892 1835 933 1905 οὗ
956 1840 1143 1926 ὁρμώμενοι

129 1943 248 2030 φέρειν
271 1946 474 2029 δυνήσονται
495 1947 536 2012 τά
558 1943 787 2031 συμπίπτοντα
809 1949 916 2023 καλῶς
938 1944 993 2011 καί
1012 1957 1143 2031 κοσμεί-

129 2056 213 2117 σθαι
241 2049 298 2118 ὑπ’
324 2051 449 2132 αὐτώνς
476 2050 532 2117 καὶ
557 2056 666 2119 πόθεν
695 2070 748 2118 σοι
776 2052 989 2136 μεταδιδόναι
1015 2053 1143 2119 τούτων
1163 2068 1197 2118 10

130 2151 179 2222 ών
202 2156 263 2223 οὐκ
286 2160 383 2243 ἔχεως
413 2157 511 2235 αὐτὸς
537 2159 601 2244 γάρ
629 2160 712 2225 άλλο
740 2182 770 2222 τι
798 2157 952 2242 ἐποίησας
979 2157 1012 2237 ἐξ
1042 2158 1144 2246 ἀρχῆς

130 2263 151 2348 ή
174 2261 250 2348 περὶ
273 2274 375 2331 ταῦτα
397 2267 603 2350 κατετρίβης,
633 2274 703 2340 πῶς
726 2265 760 2329 οί
781 2262 997 2349 συλλογισμοὶ
1020 2265 1144 2332 ἀναλυ-

89 2389 117 2428 εο
131 2371 311 2454 θήσονται,
338 2381 407 2448 πῶς
434 2370 469 2436 οί
495 2372 765 2454 μεταπίπτοντες,
793 2379 862 2445 πῶς
888 2369 923 2434 οί
947 2379 993 2456 τςό
1017 2371 1144 2456 ήρωτή·

132 2482 213 2541 σθαι
240 2479 464 2561 περαίνοντες;
494 2471 577 2539 ’ἀλλ’
604 2473 622 2540 ὁ
652 2475 745 2539 δεῖνα
769 2475 892 2559 σχολήν
920 2476 997 2558 ἔχει·
1027 2476 1082 2540 διὰ
1111 2480 1145 2541 τί
1163 2493 1193 2540 11

131 2583 175 2666 μή
198 2580 289 2664 κάγὼ
313 2581 407 2667 σχώ;’
437 2580 498 2646 οὐκ
526 2581 596 2665 είκή
623 2590 725 2646 ταῦτα
747 2583 890 2663 γίνεται,
917 2577 1143 2666 ἀνδράποδον,

132 2684 205 2753 οὐδ’
233 2687 278 2776 ώς
300 2691 430 2773 ἔτυχεν,
458 2685 541 2752 ἀλλά
568 2683 623 2751 καὶ
645 2686 777 2768 ήλικίαν
800 2681 886 2751 εἶναι
914 2685 968 2750 δεί
988 2685 1044 2751 καλ
1066 2690 1144 2772 βίον
1224 2703 1226 2708 ’

131 2791 186 2859 καὶ
208 2795 292 2859 θεὸν
314 2793 469 2878 ήγεμόνα.
514 2792 568 2858 οὔ·
597 2788 668 2857 ἀλλ’
696 2790 760 2857 ἀπὸ
788 2788 921 2876 λιμένος
947 2787 1009 2876 μδν
1032 2792 1144 2872 οὐδεὶς
1164 2810 1196 2858 12

93 2914 119 2956 2⁵
133 2898 286 2982 ἀνάγεται
314 2900 358 2984 μή
386 2902 496 2974 θύσας
522 2907 591 2974 τοίς
617 2903 710 2973 θεοῖς
741 2894 796 2961 καὶ
828 2896 1056 2980 παρακαλέσας
1084 2901 1144 2966 αὐ-

132 3008 211 3082 τοὺς
232 3007 381 3090 βοηθοὺς
404 3001 482 3070 οὐδὲ
506 3008 699 3090 σπείρουσιν
722 3005 830 3081 άλλως
859 3005 895 3070 οί
915 3005 1090 3088 άνθρωποι
1114 3009 1145 3072 εί

132 3113 176 3196 μή
195 3113 255 3196 τήν
268 3114 451 3196 Δήμητραν
470 3108 753 3194 ἐπικαλεσάμενοι·
776 3111 973 3194 τηλικούτου
993 3108 1022 3175 δ’
1042 3114 1143 3196 ἔργον

133 3237 346 3246 —-.-..—.

204 3308 237 3358 27
251 3319 293 3372 sq.
311 3301 346 3358 cf.
366 3301 452 3358 Ench.
467 3308 497 3356 4:
516 3299 725 3371 ἀσφαλέστερον
744 3299 805 3373 άψη
824 3309 874 3357 τοῦ
893 3299 983 3372 ἔργον.

206 3483 239 3533 16
259 3476 435 3546 δυνήσονται
453 3478 486 3534 S:
504 3494 605 3536 eorm
645 3480 654 3548 ΙΙ
694 3482 729 3533 24
748 3479 804 3534 ἀπὸ
829 3476 939 3549 λιμένος
962 3478 1051 3546 Wolf.-
1074 3479 1146 3533 ἀπο-

134 3548 282 3620 λιπόμενος
300 3549 322 3606 8
