2636 3922
107 196 144 254 (1,
155 202 188 254 ιι,
203 195 294 247 ιε-κν)
420 188 574 240 ΒῙΒΛΙΟΝ
591 187 749 242 ΠΡΩΤΟΝ.
774 186 820 253 ιζ’.
1085 186 1128 251 59

105 354 251 414 θετικοῦ
270 349 384 413 τόπου.
429 348 473 432 μη
493 351 541 425 τίς
564 365 601 414 σε
624 353 772 414 κωλῦσαι
795 349 936 414 δύναται
959 347 1129 413 ἐπινεῦσαι

107 453 249 540 ἀληθεῖ;
294 450 374 520 οὐδὲ
411 445 465 531 εἷς.
525 455 569 538 μὴ
608 458 657 532 τίς
694 471 730 521 σε
768 453 951 537 ἀναγκάσαι
990 454 1129 519 δύναται

106 559 366 646 παραδέξασθαι
400 562 438 626 τὸ
480 562 618 639 ψεῦδος;
660 556 741 625 οὐδὲ
778 550 833 637 εἷς.
887 559 968 645 ὁρᾷς
1004 559 1054 624 ὅτι
1092 558 1128 624 ἐν
1148 579 1181 628 28

105 667 222 754 τούτῳ
248 675 295 752 τῷ
322 667 411 754 τόπςο
437 668 475 733 τὸ
505 667 737 752 προαιρετικὸν
764 668 849 751 ἐχεις
871 663 1042 730 ἀκώλυτον
1071 664 1129 730 ἐν·

76 772 323 854 εανάγκαστον
355 770 641 857 ἀπαραπόδιστονς
676 773 735 855 ἄγε
765 769 818 836 ἐπὶ
848 765 886 837 δέ
908 780 968 836 τοῦ
1001 771 1126 856 ὀρεκτι-
1145 791 1179 838 24

106 888 176 944 κοῦ
195 876 251 943 καὶ
269 879 450 962 ὁρμητικοῦ
469 879 576 956 ἄλλως
595 879 675 963 ἔχεις
703 875 758 942 καὶ
788 880 836 954 τίς
861 876 969 962 ὁρμὴν
996 887 1129 961 νικῆσαι

107 986 255 1050 δύναται
283 984 304 1068 ἢ
331 985 414 1069 ἄλλη
442 985 542 1069 ὁρμης
570 990 619 1061 τίς
647 982 677 1048 δ’
710 983 820 1069 ὄρεξιν
846 981 901 1048 καὶ
930 985 1076 1050 ἔκκλισιν
1106 984 1127 1069 ἢ

107 1092 198 1174 ἄλλη
224 1089 331 1175 δρεξις
352 1087 407 1155 καὶ
430 1089 600 1168 ἐκκλισις;’
621 1128 659 1137 -
687 1088 765 1154 ‘'‘Av
792 1113 866 1174 μοι,
898 1092 998 1174 φησί,
1024 1106 1126 1175 προσ-
1146 1109 1180 1158 25

107 1197 178 1283 ἄγη
201 1195 354 1262 θανάτου
376 1199 497 1280 φόβον,
524 1195 698 1280 ἀναγκάζει
720 1194 782 1280 με’
812 1231 850 1243 -·
881 1195 945 1261 Ὃύ
966 1198 1004 1262 τὸ
1028 1213 1129 1282 προσ-

65 1328 91 1366 10
108 1304 299 1385 αγόμενον,
330 1299 402 1367 ἀλλ’
434 1302 484 1367 ὅτι
513 1304 604 1367 δοκεῖ
636 1319 689 1368 σοι
712 1313 861 1387 κρεῖττον
884 1298 971 1368 εἶναι
992 1306 1132 1387 ποιῆσαί

108 1432 145 1474 τι
168 1407 343 1491 τούτωνῆ
366 1407 558 1474 ἀποθανεῖν.
604 1409 705 1474 πάλιν
729 1403 791 1473 οὖν
813 1410 851 1474 τὸ
875 1411 936 1475 σὸν
960 1410 1067 1493 δόγμα
1091 1425 1128 1474 σε
1147 1428 1181 1477 26

108 1513 297 1598 ἠνάγκασε,
323 1511 412 1580 τοῦτ’
438 1516 508 1580 ἐστι
534 1518 729 1600 προαίρεσιν
756 1518 955 1598 προαίρεσις.
1005 1517 1036 1580 εἰ
1063 1517 1126 1601 γδρ
1146 1533 1179 1581 ετ

111 1622 157 1678 τὸ
177 1621 267 1679 ἴδιον
289 1618 398 1701 μέρος,
422 1619 442 1680 δ
459 1621 540 1700 ἡμῖν
558 1622 683 1682 ἐδιοκεν
701 1619 893 1696 ἀποσπάσας
916 1620 934 1685 ὁ
956 1624 1048 1705 θεός,
1066 1619 1122 1686 ὑπ’

111 1718 220 1785 αὐτοῦ
255 1719 277 1803 ἢ
313 1717 372 1786 ὑπ’
408 1722 512 1788 ἄλλον
549 1725 640 1799 τινὸς
675 1724 825 1789 κολυτὸν
862 1724 882 1808 ἢ
919 1723 1125 1808 ἀναγκαστδν

67 1850 93 1891 ιι
108 1827 355 1910 κατεσκευάκει,
378 1825 488 1892 οὐκέτι
511 1826 554 1893 δν
572 1823 614 1911 ἦν
632 1830 713 1905 θεὸς
731 1826 802 1894 οὐδ’
827 1828 1012 1913 ἐπεμελεῖτο
1033 1830 1127 1916 ἡμῶν

110 1931 152 1998 δν
172 1935 225 1998 δεῖ
242 1935 375 2018 τρόπον.
413 1942 514 1999 ταῦτα
532 1922 698 2020 εὑρίσκετ’,
721 1939 837 2020 φησίν,
860 1935 909 2000 εἐν
928 1947 997 2013 τοῖς
1017 1938 1126 2022 ίεροῖς.
1146 1957 1179 2006 28

110 2039 214 2104 ταῦτά
238 2056 291 2104 σοι
315 2043 516 2124 σημαίνεται.
562 2040 621 2107 ἐὰν
643 2039 761 2128 θέλης,
789 2042 967 2127 ἐλεύθερος
995 2039 1039 2108 εἶ·
1068 2044 1127 2110 ἐὰν

108 2142 229 2230 θέλῃς,
253 2143 365 2231 μέμψῃ
388 2143 524 2229 οὐδένα,
548 2145 733 2230 ἐγκαλέσεις
755 2147 886 2232 οὐδενί,
913 2149 1021 2214 πάντα
1043 2152 1126 2216 κατὰ

108 2253 250 2336 γνώμην
278 2254 367 2316 ἔσται
395 2253 463 2336 ἅμα
489 2253 551 2336 την
579 2253 642 2335 σὴν
668 2251 724 2318 καὶ
751 2254 812 2337 τὴν
834 2265 895 2321 τοῦ
917 2256 1022 2320 θεοῦ)
1069 2258 1125 2322 διδ
1144 2275 1177 2324 29

69 2380 95 2421 ιο
108 2358 237 2441 ταύτην
265 2358 328 2440 τὴν
356 2360 520 2442 μαντείαν
545 2361 681 2444 ἔρχομαι
708 2358 762 2425 ἐπὶ
791 2362 850 2426 τὸν
872 2362 982 2446 θύτην
1005 2372 1125 2429 τοῦτον

108 2461 165 2529 καὶ
193 2465 253 2528 τὸν
281 2466 485 2548 φιλόσοφον,
522 2463 584 2531 οὐκ
615 2466 719 2530 αὐτὸν
750 2466 925 2549 θαυμάσας
959 2465 1055 2532 ἕνεκα
1087 2492 1124 2550 γε

108 2579 167 2654 τῆς
190 2568 384 2654 ἐξηγήσεως,
407 2569 491 2636 ἀλλὰ
515 2570 623 2636 ἐκεῖνα
647 2572 667 2638 δ
691 2571 861 2656 ἐξηγεῖται.

108 2713 325 2722 ..ι-ιη*

66 2835 74 2846 .
184 2803 217 2852 18
235 2797 323 2852 Ench.
340 2806 363 2864 1,
378 2805 408 2853 3:
428 2800 461 2854 οὐ
480 2796 577 2871 μέμψῃ
596 2797 710 2869 οδδένα,
730 2801 781 2854 οὐκ
800 2794 957 2870 ἐγκαλέσας
973 2804 1038 2858 τινί.

182 3017 197 3065 7
217 3007 236 3077 ἢ
255 3009 349 3080 δαῖον,
368 3007 386 3078 ἡ
406 3010 520 3079 Μῖνα
538 3029 562 3067 ν.
583 3015 613 3080 8)
648 3013 658 3080 Ι
694 3018 728 3066 22
747 3011 818 3067 ἀλλὰ
840 3013 888 3075 δὶς
910 3012 972 3069 ἀλλ’
993 3015 1012 3069 ἃ
1036 3016 1058 3072 S
1080 3021 1124 3084 (αῖ

108 3082 178 3150 vid.)
