2650 3930
16 200 20 204 .
134 183 182 238 (Π,
198 187 230 238 ῃ,
244 181 320 232 ..6)
420 172 572 224 Rumon
589 171 789 226 Δεττεεοω.
819 171 865 236 ις’.
1086 171 1148 234 161

134 339 247 410 καλῶς
268 333 326 409 τὰς
351 335 548 417 προλήψεις,
576 331 631 396 διὰ
657 333 694 396 τί
713 331 881 415 θυσροεῖς,
908 331 964 397 διὰ
991 334 1027 397 τί
1051 329 1150 415 έμπο·

136 441 227 523 δίζρμ
257 436 393 524 ἀφῶμεν
420 439 494 522 ἄρτι
521 439 580 503 τὸν
603 437 760 522 δεύτερον
782 438 886 503 τόπον
909 439 968 502 τὸν
990 435 1065 523 περὶ
1092 439 1150 515 τὰς
1171 457 1202 504 15

137 545 243 630 ὁρμὰς
273 542 329 609 καὶ
360 544 421 627 τὴν
453 545 534 608 κατὰ
565 545 685 619 ταύτας
698 541 787 628 ,περὶ
813 545 851 608 τὸ
878 549 1028 626 καθῆκον
1055 548 1150 630 φιλο-

137 652 282 735 τεχνίαν.
328 648 465 733 ἀφῶμεν
492 645 548 714 καὶ
576 651 635 714 τὸν
661 651 774 732 τρίτον
801 649 859 713 τὸν
887 646 963 733 περὶ
991 651 1048 726 τὰς
1071 666 1150 732 συγ-

106 752 343 832 5ιιαταθέσεις.
387 757 563 841 χαρίζομαί
583 770 637 820 σοι
659 762 761 820 ταῦτα
783 752 899 818 πάντα.
945 767 1073 840 στῶμεν
1097 754 1149 821 ἐπὶ
1171 777 1202 824 16

137 870 200 928 τοῦ
219 862 352 946 πρώτου
371 858 427 926 καὶ
445 863 565 944 σχεδὸν
584 861 750 944 αἰσθητὴν
767 856 969 945 παρέχοντος
989 861 1050 944 τὴν
1069 860 1150 926 ἀπό-

139 967 245 1045 θειξιν
272 976 332 1034 τοῦ
355 966 400 1051 μὴ
431 966 627 1051 ἐφαρμόζειν
649 970 757 1043 καλῶς
778 966 836 1042 τὰς
862 966 1052 1049 προλήψεις.
1086 976 1151 1032 νῦν
1172 984 1204 1034 17
1321 1023 1322 1062 ,

139 1075 183 1139 σὺ
206 1071 318 1149 θέλεις
343 1073 384 1138 τὰ
411 1073 538 1137 δυνατὰ
564 1069 619 1140 καὶ
645 1072 686 1136 τὰ
709 1067 763 1138 σοὶ
786 1071 926 1149 δυνατάς
955 1074 990 1136 τί
1010 1066 1072 1136 οὖν
1095 1071 1151 1155 ἐμ-

139 1180 269 1264 ποδίζῃ,
293 1180 348 1244 διὰ
371 1182 406 1243 τί
426 1180 594 1264 θυσροεῖςς
616 1187 681 1244 νῦν
700 1177 741 1243 οὐ
763 1177 898 1263 φεύγεις
914 1177 954 1244 τὰ
972 1176 1148 1261 ἀναμααῖα;

93 1310 125 1350 ιο
139 1286 197 1350 διὰ
219 1288 254 1350 τί
274 1279 336 1351 οὖν
358 1288 563 1369 περιπίπτεις
584 1286 662 1366 τινί,
690 1285 804 1350 διὰτί
824 1284 1011 1368 θυστνχεῖς;
1042 1283 1097 1350 διὰ
1119 1282 1154 1347 τί

138 1388 302 1468 θέλοντός
323 1392 385 1456 σού
408 1415 440 1456 τι
463 1389 504 1457 οὐ
527 1393 653 1473 γίνεται
675 1387 731 1455 καὶ
753 1390 797 1473 μὴ
820 1387 981 1466 θέλοντος
1009 1392 1149 1472 μίνεται;

140 1495 308 1574 ἀπόδειξις
339 1497 402 1581 γὰρ
434 1496 516 1580 αὕτη
554 1499 689 1579 μεγίστη
722 1496 879 1579 θυσροίας
910 1492 966 1560 καλ
997 1495 1151 1562 κακοδαι-
1172 1513 1203 1562 18

139 1605 266 1687 μονίας.
312 1600 402 1667 θέλω
425 1624 457 1668 τι
479 1603 535 1668 καῖ
562 1601 603 1666 οὐ
632 1604 771 1684 γίνεται·
800 1598 856 1665 καὶ
883 1602 918 1664 τί
943 1599 1033 1665 ἐστιν
1054 1599 1152 1665 ἀθλι-

139 1709 266 1793 ώτερον
298 1706 394 1791 έμοῦ;
425 1707 466 1773 οὐ
498 1704 588 1772 θέλω
615 1729 648 1772 τι
675 1704 730 1770 καλ
757 1709 895 1790 γίνεται·
923 1704 978 1771 καὶ
1005 1709 1041 1770 τί
1061 1704 1150 1770 ἐστιν

96 1837 124 1878 ιι
140 1812 348 1898 ιἰθλιώτερον
371 1813 469 1898 έμοῦ;

212 1923 318 1985 Τοῦτο
341 1917 396 1985 καὶ
417 1919 438 2002 ἡ
457 1919 592 2001 Μήδεια
615 1917 676 2003 οὐχ
696 1916 901 2001 ὑπομείνασα
919 1911 1025 2001 ἦλθεν
1043 1914 1096 1982 έπῖ
1114 1918 1151 1982 τὸ
1172 1937 1203 1985 19

139 2025 331 2091 ἀποκτεῖναι
348 2026 388 2091 τοὶ
407 2022 513 2090 τέκνα.
550 2029 766 2108 μεναλοφυῶς
783 2023 865 2088 κατά
883 2046 920 2106 με
938 2032 1046 2090 τοῦτο.
1085 2017 1151 2109 εἶχε

140 2134 204 2217 γὰρ
227 2131 271 2214 ἣν
294 2132 348 2196 δεῖ
367 2132 569 2215 φαντασίαν,
597 2121 670 2194 οἷόν
698 2128 766 2195 ἐστι
793 2131 830 2194 τὸ
858 2127 879 2194 ἃ
902 2127 995 2195 θέλει
1017 2127 1084 2194 τινὶ
1106 2131 1150 2213 μὴ

139 2247 336 2324 προχωρεῖν.
381 2231 463 2301 εεἶτα
485 2235 591 2312 οὕτως
616 2237 844 2320 τιμωρήσομαι
866 2237 925 2301 τὸν
948 2234 1151 2320 ἀδικήσαντά
1170 2253 1204 2303 εο

98 2367 125 2405 ω
140 2367 180 2429 με
211 2341 267 2408 καὶ
296 2341 488 2426 ὑβρίσαντα.
542 2338 598 2406 καί
627 2344 663 2406 τί
690 2341 809 2426 ὄφελος
837 2350 898 2406 τοῦ
926 2352 1034 2418 κακῶς
1063 2341 1150 2408 οὕτω

141 2445 367 2532 διακειμένον;
385 2459 454 2524 πῶς
468 2441 530 2513 οὖν
544 2444 693 2530 νένηται;
714 2445 895 2511 ἀποκτείνω
910 2441 972 2528 μὲν
985 2446 1025 2510 τὰ
1044 2442 1151 2514 τέκνα.

140 2555 226 2621 ἀλλὰ
252 2551 308 2620 καὶ
335 2552 480 2638 ἐμαυτὴν
511 2553 746 2636 τιμωρήσομαι.
796 2548 851 2618 nal
877 2553 912 2616 τί
942 2573 998 2633 μοι
1031 2547 1149 2633 μέλει;’

140 2658 230 2726 τοῦτ’
250 2662 340 2725 ἔστιν
359 2662 516 2736 ἔκπτωσις
533 2666 641 2744 ψυχῆς
658 2657 784 2742 μεγάλα
802 2666 906 2740 νεῦρα
929 2654 1076 2741 ἐχούσης.
1111 2657 1151 2721 οὐ
1171 2675 1204 2723 ει

140 2767 205 2851 γὰρ
228 2764 319 2852 ᾔδει,
341 2775 407 2832 ποῦ
429 2775 533 2831 κεῖται
555 2765 594 2830 τὸ
616 2775 725 2829 ποιεῖν
748 2763 769 2828 ἃ
791 2760 951 2846 θέλομεν,
981 2763 1031 2828 ὅτι
1053 2773 1151 2829 τοῦτο

99 2900 127 2940 ιε
142 2872 205 2942 οὐκ
232 2871 358 2950 ἔξωθεν
386 2874 440 2936 δεῖ
460 2868 640 2954 λαμβάνειν
664 2868 743 2936 οὐδε
766 2869 806 2933 τὰ
828 2866 1001 2954 πράγματα
1024 2891 1152 2950 μετατι-

142 2976 247 3044 θέντα
269 2974 324 3043 καλ
354 2978 655 3060 μεθαρμοζόμενον.
700 2975 744 3059 μὴ
767 2971 847 3039 θέλε
869 2975 928 3039 τὸν
951 2975 1073 3058 ἄνδρα,
1096 2973 1152 3040 καὶ
1171 2993 1204 3040 22

143 3080 245 3150 οὐδὲν
264 3078 312 3149 ὧν
329 3080 440 3158 θέλεις
458 3081 498 3147 οὐ
516 3084 653 3165 γίνεται.
685 3082 729 3164 μὴ
748 3078 827 3146 θέλε
842 3079 943 3145 αὐτὸν
962 3079 994 3157 ἐξ
1010 3081 1153 3158 ἅπαντος

217 3278 249 3327 16
269 3273 303 3327 cf.
323 3271 420 3342 Eurip.
438 3271 513 3329 Med.
531 3290 576 3328 vv.
592 3277 644 3328 790
654 3289 713 3340 sqq.
733 3275 736 3282 '

217 3456 249 3504 12
269 3450 340 3518 αὕτη
359 3449 390 3506 S:
409 3466 510 3506 eorm
541 3451 550 3520 ΙΙ
582 3454 616 3503 14
634 3449 667 3504 οὐ
687 3479 721 3490 -
740 3450 796 3516 (15)
816 3442 882 3516 ἐμοῦ
902 3463 984 3503 oms
1015 3449 1024 3514 ΙΙ
1057 3453 1089 3502 19
1105 3447 1153 3503 οὔ·

143 3521 209 3592 τως]
229 3522 262 3575 οὐ
282 3521 380 3576 θοναω
397 3522 614 3592 (ιίιῖιννομαῖῖοι)
647 3522 656 3589 [Ι
687 3525 719 3574 21
740 3516 803 3589 μὲν]
823 3538 875 3587 μοι
897 3519 995 3574 Coraca

198 3620 342 3660 Emmvn.
960 3611 992 3658 11
