2630 3928
182 223 225 287 28
323 225 508 279 εεεεεκοτ
526 224 602 279 m
618 207 1049 279 εοωτετουωευεωαω

183 387 403 451 δανείσασθαι
425 389 509 472 πρὸς
531 389 569 453 τὸ
593 389 641 453 ἐτι
664 386 824 471 ὀφείλειν,
847 387 930 452 ἀλλὰ
950 387 1004 451 δεῖ
1017 395 1196 471 προσεῖναι

182 488 297 558 καὶτὸ
321 490 488 576 ἐπιμένειν
511 491 565 559 ἐπὶ
587 501 647 559 τοῦ
671 495 808 559 δανείου
826 491 882 557 καὶ
905 495 949 577 μή
973 493 1196 558 διαλελύσθαι

184 598 280 681 αὐτό,
313 599 417 676 οὕτως
446 599 508 664 οὐκ
534 598 630 682 ἀρκεῖ
653 601 736 685 πρὸς
762 601 800 665 τὸ
829 601 901 664 δεῖν
923 610 1132 685 παραχωρεῖν
1154 601 1195 664 τὸ

184 703 439 791 ἐπιφερόμενον,
466 708 503 772 τὸ
532 703 712 772 δεδωκέναι
735 707 775 771 τά
798 709 964 790 λήμματα,
992 707 1046 770 δεῖ
1066 703 1095 770 δ’
1124 703 1195 770 ἐπι-
1312 777 1313 780 ¹

132 827 164 876 1⁷
183 810 295 895 μένειν
318 809 372 877 ἐπὶ
394 820 451 895 τής
477 815 741 899 παραχωρήσεως
768 813 887 878 αὐτῶν.
931 809 986 878 καί
1010 814 1051 898 δή
1075 814 1195 896 μενόν·
1229 831 1244 871 ⁵

183 942 249 983 των
281 915 343 1002 μὲν
374 919 485 984 αὐτῶν
518 921 566 996 είς
597 918 689 996 τέλος
720 919 817 985 ὁποῖα
848 922 1070 1005 παρεχωρήθη
1106 927 1197 983 πάσα

184 1023 310 1108 ἀνάγκη
332 1025 417 1110 ἡμᾶς
440 1024 493 1090 ἐπὶ
516 1035 573 1110 τής
593 1029 857 1112 παραχωρήσεως
884 1025 1051 1110 ἐπιμένειν
1077 1023 1196 1090 καὶτὸ

79 1149 120 1211 18,
135 1148 167 1197 19
182 1129 374 1197 ἀκόλουθον
393 1129 504 1208 αὐτοῖς
521 1121 766 1219 προσδέχεσθαι
781 1181 862 1198 .....
881 1128 961 1198 οὐδὲ
974 1134 1038 1218 γὰρ
1052 1132 1132 1216 ἡμῖν
1146 1133 1197 1195 ἔτι

184 1233 263 1302 οὐδὲ
299 1236 377 1303 καθ’
413 1237 497 1322 ἡμᾶς
529 1243 704 1324 συμβαίνει
737 1249 836 1305 τοῦτο
873 1242 910 1306 τὸ
944 1239 1198 1324 ἐπιφερόμενον,

185 1343 297 1428 ἐπειδή
330 1354 388 1428 τῆς
424 1348 661 1431 συγχωρήσεως
692 1357 759 1412 τῶν
791 1346 969 1430 λημμάτων
1001 1343 1197 1429 ἀπέστημεν.
1214 1366 1246 1406 ιο

131 1465 165 1514 20
185 1450 239 1514 δεῖ
260 1445 321 1514 οὗν
344 1449 399 1514 καὶ
421 1441 619 1517 τὰτοιαῦτα
645 1462 713 1517 τῶν
740 1451 917 1536 λημμάτων
941 1453 1112 1536 ίστορήσαι
1139 1447 1198 1515 καὶ

183 1556 246 1638 τήν
274 1557 432 1640 τοιαύτην
463 1561 651 1642 μεταβολήν
679 1581 714 1622 τε
748 1556 803 1622 καὶ
835 1557 1041 1642 μετάπτωσιν
1073 1556 1198 1640 αὐτῶν,

184 1659 260 1726 καθ’
288 1662 331 1747 ἣν
359 1661 396 1728 έν
423 1662 506 1750 αὐτή
538 1674 577 1750 τῇ
606 1663 762 1749 ἐρωτήσει
789 1664 810 1748 ή
837 1674 876 1749 τῇ
907 1663 1077 1748 ἀποκρίσει
1104 1663 1197 1751 ήτῷ

185 1774 442 1853 συλλελογίσθαι
468 1773 490 1854 ή
516 1795 583 1836 τινι
616 1773 705 1860 ἀλλφ
732 1771 870 1861 τοιοάτφ
899 1770 1110 1855 λαμβάνοντα
1137 1771 1199 1847 τὰς

184 1878 404 1960 μεταπτώσεις
433 1876 589 1962 ἀφορμήν
619 1876 753 1962 παρέχει
779 1890 848 1954 τοῖς
874 1877 1028 1962 ἀνοήτοις
1053 1887 1113 1942 τοῦ
1141 1900 1199 1941 τα-
1215 1899 1247 1940 15
1304 1901 1311 1916 ·

132 1999 164 2048 21
185 1983 369 2067 ράσσεσθαι
398 1984 442 2067 μή
470 1982 630 2067 βλέπουσι
660 1987 697 2051 τὸ
728 1983 926 2050 ἀκόλουθον.
972 1987 1062 2060 τίνος
1085 1982 1198 2063 ἕνεκα;
1311 2025 1312 2032 1

184 2085 227 2154 ἵν’
252 2088 288 2154 ἐν
307 2098 351 2177 τῷ
375 2094 465 2180 τόπφ
488 2091 595 2180 τούτω
618 2091 663 2175 μὴ
686 2092 775 2176 παρὰ
797 2093 835 2157 τὸ
853 2097 1005 2174 καθήκον
1023 2088 1099 2174 μηδ’
1124 2091 1198 2175 εἰκῇ
1244 2083 1249 2090 ’

184 2190 268 2279 μηδὲ
291 2195 542 2282 συγκεχυμένως
564 2196 857 2283 ἀναστρεφώμεθα.

132 2317 165 2366 22
253 2299 318 2366 Καὶ
340 2305 378 2367 τὸ
402 2300 482 2369 αὐτὸ
506 2302 563 2368 έπί
586 2327 621 2368 τε
643 2315 709 2368 τῶν
734 2302 930 2369 ὑποθέσεων
953 2301 1007 2367 καὶ
1030 2313 1097 2367 τῶν
1115 2303 1199 2368 ὑπο-

184 2414 328 2474 θετικῶν
352 2413 469 2494 λόγων.
516 2410 697 2493 ἀναγκαῖον
715 2411 778 2496 γὰρ
798 2412 888 2475 ἔστιν
907 2404 954 2474 ὅτ’
972 2411 1106 2494 αίτήσαί
1121 2433 1199 2474 τινα
1213 2431 1246 2471 εο

133 2533 166 2582 23
185 2513 350 2582 ὑπόθεσιν
383 2518 493 2603 ὥσπερ
528 2516 714 2603 ἐπιβάθραν
745 2525 790 2605 τῷ
828 2515 900 2600 έξής
937 2517 1034 2605 λόγῳ.
1086 2524 1209 2586 πᾶσαν,

186 2617 248 2687 οὖν
271 2624 332 2707 τήν
356 2625 517 2689 δοθεῖσαν
539 2622 796 2709 παραχωρητέον
818 2621 838 2705 ή
870 2620 911 2688 οὐ
933 2632 1056 2701 πάσαν;
1087 2620 1142 2687 καὶ
1166 2625 1199 2688 εί

133 2747 167 2795 24
186 2726 228 2794 οὐ
242 2738 362 2813 πᾶσαν,
376 2733 464 2808 τίνας
485 2727 573 2815 [περὶ
587 2733 678 2807 τίνος
693 2729 713 2813 ἡ
729 2728 856 2809 σκέψιςς
875 2727 950 2813 περὶ
964 2733 1195 2814 καθήκοντος]

185 2839 460 2922 παραχωρήσαντι
479 2833 516 2900 δέ
534 2834 688 2920 μενετέον
707 2836 845 2901 εἰσάπαν
865 2833 918 2901 ἐπὶ
941 2847 998 2920 τής
1019 2839 1196 2922 τηρήσεως,

186 2941 207 3025 ή
231 2945 321 3007 ἐστιν
345 2942 398 3007 ὅτε
422 2941 636 3027 ἀποστατέον,
660 2945 699 3008 τά
724 2940 754 3007 δ’
781 2941 952 3008 ἀκόλουθα
974 2941 1196 3028 προσδεκτέον
1210 2962 1242 3002 ω
1310 2975 1311 3044 χ

260 3169 370 3234 6τέλος
388 3172 435 3234 ἃμ·
462 3169 582 3233 *έλυςδ
610 3174 619 3240 ΙΙ
655 3175 671 3223 8
695 3177 760 3240 post
786 3170 995 3240 προσδέχεσθαι
1021 3172 1109 3241 suppl.
1135 3171 1197 3239 Upt.
1309 3113 1311 3176 ’δ

189 3247 213 3300 ‘e
232 3243 301 3300 cod.²
321 3246 399 3298 haec:
423 3243 460 3332 μὴ
484 3241 625 3311 μενόντων
648 3241 680 3295 δὲ
699 3243 792 3295 αὐτῶν
816 3240 901 3295 ὁποῖα
919 3241 1124 3312 παρεχωρήθη,
1148 3243 1198 3295 καί

187 3317 260 3386 ἡμᾶς
277 3322 354 3368 πᾶσα
373 3315 483 3383 ἀναχκη
502 3320 550 3381 τῆς
568 3312 791 3382 παραχωρήσεως
813 3313 991 3380 ἀφίστασθαι
1021 3314 1070 3366 καί
1092 3320 1141 3366 τοῦ
1164 3313 1198 3366 τὸ

187 3388 386 3441 ἀνακόλουθον
408 3391 467 3446 τοῖς
490 3385 584 3446 αὐτοῖς
607 3385 711 3453 (αὐτῶν
735 3384 832 3450 Schw.)
856 3381 948 3452 λόχοις
975 3381 1198 3453 προσδέχεσθαι;

187 3476 235 3530 eqo
254 3459 381 3512 ίαεακοκι
400 3457 523 3510 indicavi
554 3458 564 3524 ΙΙ
594 3456 688 3509 κυλίοι
706 3449 799 3527 <έφ“>
813 3453 880 3523 ἡμῖν
907 3457 917 3523 ή
946 3461 978 3509 10
996 3456 1089 3509 malim
1107 3473 1198 3523 παρα-

188 3528 376 3657 έίῖίσέωὲά
405 3525 678 3668 mm?
694 3525 1088 3664 (⁶25525‘2055302'¹a3{'1⁶531f⁸⁶
1118 3529 1127 3594 ¹¹
1162 3531 1197 3580 ²²

288 3631 300 3663 a
377 3643 382 3655 .
466 3637 470 3650 ι
676 3627 708 3636 ··
969 3641 973 3649 .
