2636 3922
119 204 163 262 sn,
176 212 195 262 1,
210 205 298 256 ιε-εο)
410 197 563 249 ΒΙΒΛΙΟΝ
579 196 782 249 ΔΕΥΤΕΡΟΝ.
807 199 848 250 α’.
1069 195 1133 260 105

117 359 349 442 βουλόμεθα
382 355 596 440 διεξάγεινς
631 393 673 404 -
709 356 828 423 Οὐδέν.
862 395 913 406 --
937 355 1059 442 Λέγετε
1091 358 1133 440 δή

117 486 187 548 μοι,
208 459 235 528 ὦ
259 464 448 548 ἄνθρωποι,
470 465 636 548 βούλεσθε
657 466 714 547 ζῆν
733 463 990 551 ἁμαρτάνοντεςς
1018 502 1056 513 -
1083 465 1135 529 Οὐ

117 573 321 654 βουλόμεθα.
352 607 389 618 -
427 567 548 646 Οὐδεὶς
578 572 694 636 τοίνυν
727 569 925 656 ἁμαρτάνων
957 570 1136 657 ἐλεύθερός

115 674 196 741 ἐστι.
221 713 264 722 -
287 677 460 743 Βούλεσθε
489 678 546 760 ζῆν
573 678 795 762 φοβούμενοι,
822 678 987 759 βούλεσθε
1010 677 1133 743 λυπού·
1152 693 1187 742 24

91 805 230 867 τμενοι,
259 783 425 866 βούλεσθε
453 785 708 867 ταρασσόμενοις
736 819 779 830 -
804 783 976 867 Οὐδαμῶς.
1002 821 1040 830 -
1067 783 1135 848 Οὐ-

118 887 188 966 δεὶς
216 889 281 973 άρα
309 889 385 956 ούτε
413 889 623 974 φοβούμενος
650 888 727 954 ούτε
751 889 957 973 λυπούμενος
980 888 1057 954 οὔτε
1079 912 1135 953 τα-

118 998 326 1080 ρασσόμενος
363 993 541 1080 ἐλεύθερός
581 992 690 1078 ἐστιν,
731 993 823 1071 ὅστις
858 991 889 1059 δ’
931 992 1135 1080 ἀπήλλακται

116 1106 235 1168 λυπῶν
258 1097 314 1165 καὶ
343 1103 462 1184 φόβον
483 1097 539 1164 καὶ
561 1111 729 1185 ταραχῶν,
759 1095 857 1177 οὗτος
885 1107 925 1185 τῇ
955 1100 1038 1184 αὐτῇ
1066 1100 1134 1189 ὁδῷ

116 1205 174 1272 καὶ
197 1214 259 1272 τοῦ
281 1205 456 1271 δουλεύειν
474 1204 688 1289 ἀπήλλακται.
733 1216 803 1283 πῶς
824 1199 888 1271 σύν
910 1207 959 1272 ἔτι
976 1206 1059 1290 ὑμῖν
1080 1228 1134 1271 πι-
1152 1222 1187 1272 25

79 1339 104 1379 ιο
119 1313 319 1396 σπεύσομεν,
351 1308 377 1377 ὦ
410 1315 562 1397 φίλτατοι
594 1308 792 1396 νομοθέταις
826 1312 889 1377 οὐκ
920 1310 1136 1399 ἐπιτρέπομεν

116 1419 352 1502 παιδεύεσθαι,
375 1419 406 1483 εἰ
427 1419 472 1502 μὴ
495 1427 564 1494 τοῖς
585 1416 788 1504 ἐλευθέροιςς
812 1419 849 1484 ολ
867 1421 1049 1504 φιλόσοφοι
1071 1419 1135 1503 γὰρ

117 1524 278 1608 λέγουσιν
306 1524 357 1590 ὅτι
384 1524 446 1590 οὐκ
474 1521 690 1609 ἐπιτρέπομεν
717 1522 908 1609 ἐλευθέροις
930 1520 1015 1590 εἶναι
1038 1527 1135 1610 εἰμὴ

117 1643 189 1708 τοῖς
210 1627 500 1715 πεπαιδευμένοις·
527 1632 626 1695 τοῦτό
655 1626 744 1694 ἐστιν
773 1628 791 1694 ὁ
818 1632 899 1706 θεὸς
926 1630 988 1696 οὐκ
1011 1629 1136 1716 ἐπιτρέ-
1242 1683 1245 1690 .

116 1760 184 1804 πει.
201 1775 240 1784 -
257 1734 359 1802 Ὅταν
378 1730 441 1802 οὖν
460 1733 584 1822 στρέψη
601 1758 652 1812 τις
673 1732 728 1800 ἐπὶ
751 1744 936 1820 στρατηγοῦ
954 1738 1013 1801 τὸν
1032 1737 1135 1802 αὑτοῦ
1153 1753 1188 1802 26

76 1871 102 1912 ιε
118 1845 264 1926 δοῦλον,
300 1838 401 1908 οὐδὲν
433 1841 602 1930 ἐποίησενς
640 1877 683 1888 -
720 1839 882 1924 Ἐποίησε.
918 1876 963 1888 -
1004 1845 1056 1919 Τίς
1094 1878 1136 1890 -

110 1948 274 2033 Ἔστρεψε
301 1950 361 2016 τὸν
388 1947 493 2013 αὑτοῦ
520 1948 645 2013 δοῦλον
674 1944 727 2012 ἐπὶ
758 1954 953 2031 στρατηγοῦ.
979 1983 1017 1996 —-
1035 1945 1136 2014 Ἄλλο

12 2041 16 2066 '
118 2053 239 2132 οὐδένς
259 2092 302 2103 -
321 2056 403 2120 Ναί·
427 2051 482 2120 καλ
500 2055 652 2138 εἰκοστὴν
671 2053 776 2119 αὐτοῦ
798 2054 918 2120 δοῦναι
941 2055 1077 2139 ὀφείλει.
1094 2092 1133 2103 -

122 2165 167 2228 Τί
193 2156 271 2239 ούνς
302 2160 321 2226 δ
348 2168 451 2226 ταῦτα
477 2160 598 2226 παθὼν
628 2159 670 2227 οὐ
701 2158 840 2244 γέγονεν
867 2158 1058 2247 έλεύθεροςς
1093 2198 1135 2208 -
1155 2175 1188 2224 τι

119 2267 174 2336 Οὐ
197 2271 325 2351 μᾶλλον
352 2265 373 2352 ἣ
401 2265 571 2350 άτάραχος.
617 2262 687 2330 ἐπεὶ
715 2267 757 2330 σὺ
785 2264 804 2330 δ
831 2266 954 2343 ἄλλους
981 2265 1136 2350 στρέφειν
1154 2280 1189 2330 28

77 2405 104 2444 ιο
119 2373 310 2457 δυνάμενος
340 2369 464 2436 οὐδένα
496 2371 581 2454 ἔχεις
616 2370 749 2454 κύριονς
787 2369 848 2434 ούκ
879 2366 1059 2456 ἀργύριον,
1095 2371 1137 2435 οὐ

118 2481 299 2566 κοράσιον,
326 2479 367 2545 οὐ
389 2475 583 2561 παιδάριον,
611 2475 652 2541 ού
680 2477 738 2540 τὸν
761 2475 943 2559 τύραννον,
972 2473 1013 2540 οὐ
1036 2476 1137 2558 φάλον

118 2589 197 2654 τινὰ
220 2595 281 2653 τοῦ
302 2584 487 2671 τυράννους
514 2585 549 2647 τί
570 2577 633 2648 οὖν
655 2577 783 2668 τρέμεις
806 2578 863 2645 ἐπί
881 2602 957 2646 τινα
979 2580 1137 2664 τοιαύτην

119 2694 231 2761 ἀπιὼν
253 2695 463 2778 περίστασινς

189 2798 259 2863 Διά
290 2805 388 2863 τοῦτο
424 2792 509 2878 λέγω
545 2793 716 2870 πολλάκις·
755 2802 857 2858 ταῦτα
896 2796 1049 2878 μελετᾶτε
1081 2791 1136 2859 καὶ
1154 2811 1188 2860 29

79 2933 107 2975 ιι
120 2915 226 2972 ταῦτα
247 2906 406 2990 πρόχειρα
429 2904 529 2986 ἔχετε,
551 2901 634 2986 πρὸς
650 2906 726 2964 τίνα
745 2900 799 2964 δεῖ
818 2897 1059 2983 τεθαρρηκέναι
1081 2899 1136 2965 καὶ

121 3015 206 3097 πρὸς
222 3014 298 3078 τίνα
315 3009 465 3093 εὐλαβῶς
482 3007 672 3072 διακεῖσθαι
700 3004 750 3071 ὅτι
771 3007 853 3088 πρὸς
875 3005 915 3070 τά
937 3003 1137 3091 ἄπροαίρετα

122 3125 278 3205 θαρρεῖν,
301 3115 516 3199 εὐλαβεῖσθαι
534 3113 574 3177 τά
596 3111 818 3197 προαιρετικά.
836 3148 873 3158 -
887 3108 972 3176 Ἀλλ’
995 3111 1056 3178 οὐκ
1079 3111 1137 3178 άν-
1155 3128 1191 3178 30

122 3222 233 3307 έγνων
246 3238 316 3300 σοις
331 3218 405 3287 οὐδ’
418 3222 523 3304 ἔγνως
535 3221 570 3285 τί
580 3228 680 3296 ποιῶς
694 3214 797 3283 -Ἐν
808 3220 890 3296 τίνις
905 3215 943 3282 ἐν
956 3216 1137 3296 λεξειδίοις.

194 3413 344 3554 θύάδύςδ
371 3486 381 3554 11
415 3488 447 3536 13
467 3475 524 3536 ἐστι
543 3476 558 3534 ὃ
576 3481 610 3536 S:
632 3495 701 3534 συντ.
726 3480 807 3546 Wolf
833 3480 843 3547 11
876 3483 909 3533 14
926 3478 968 3547 (et
988 3479 1032 3547 16)
1051 3479 1137 3532 αὐτοῦ

123 3558 155 3614 S:
174 3573 244 3612 corr.
266 3553 365 3610 Οοναιε
