2626 3924
198 195 263 260 352
344 194 527 247 APPIANOT
544 194 619 247 ΤΩΝ
635 193 853 246 ΕΠΙΚΤΗΤΟΤ
869 193 1064 247 ΔΙΑΤΡΙΒΩΝ

194 351 302 420 θέλετ’
329 351 530 438 είςῬοίμην;
554 349 751 437 είςῬοίμην.
795 354 843 432 είς
865 354 992 439 Γύαρα;
1017 353 1066 430 είς
1084 354 1210 439 Γύαρα.

195 463 243 538 είς
262 455 419 543 Ἀθήναςς
448 460 495 537 είς
514 455 666 543 Ἀθήνας.
711 461 758 538 είς
780 463 947 544 φυλακήν,
975 461 1023 536 είς
1044 459 1210 544 φυλακήν.

142 582 176 631 35
195 565 238 631 ἀν
260 564 344 644 ἀπαξ
367 571 461 651 εἴπῃς
483 564 573 630 επότε
591 587 641 640 τις
659 566 707 640 είς
720 562 864 648 Ἀθήνας
881 562 1039 649 duem?
1063 563 1209 630 ἀπώλου.

196 671 321 756 ἀνάγκη
345 694 382 754 γε
405 671 528 753 ταύτην
550 671 611 754 τὴν
634 668 744 754 ὄρεξιν
766 668 863 753 ἀτελῆ
891 665 952 753 μὲν
976 663 1082 734 οὖσαν
1105 668 1209 754 ἀτυχῆ

196 795 232 843 σε
255 787 375 861 ποιεῖν,
397 780 631 841 τελειωθελσαν
650 771 688 840 δέ
705 777 816 857 κενόν,
839 772 894 858 ἐφ’
916 765 966 850 οἷς
986 774 1027 840 ού
1046 775 1103 840 δεῖ
1118 773 1209 840 έπαι-
1233 795 1244 834 ⁵

196 887 354 970 ρόμενον·
377 882 478 947 πάλιν
497 880 540 946 ἀν
558 879 774 966 έμποδισθῇς,
793 880 952 965 δυστυχῆ,
971 883 1209 965 περιπίπτοντα

143 1004 177 1053 36
196 980 246 1066 οἷς
276 988 318 1053 ού
348 985 468 1064 θέλεις.
523 987 605 1070 ἀῳες
636 979 698 1052 οὖν
729 995 830 1051 ταῦτα
862 985 978 1050 πάντα.
1032 983 1143 1050 εκαλαὶ
1174 987 1212 1050 αἱ

192 1092 355 1177 Ἀθῆναί.
383 1093 466 1158 ἀλλά
484 1093 521 1157 τὸ
540 1091 751 1176 εὐδαιμονεῖν
767 1092 904 1156 κάλλιον
922 1091 1020 1175 πολύ,
1038 1092 1076 1156 τὸ
1095 1090 1208 1174 ἀπαθῆ

195 1193 294 1280 εἶναι,
316 1200 353 1264 τὸ
373 1196 549 1283 ἀτάραχον,
567 1199 604 1263 τὸ
624 1194 678 1264 έπλ
696 1195 815 1282 μηδενὶ
832 1203 965 1262 κεῖσθαι
985 1196 1024 1262 τά
1044 1197 1086 1261 σά
1104 1197 1210 1283 πράγ-

143 1319 176 1370 37
196 1325 291 1387 ματα.
346 1302 506 1387 (θόρυβος
533 1301 570 1369 έν
592 1301 697 1389 Ῥώμῃ
727 1300 782 1368 καὶ
815 1302 986 1388 ἀσπασμοί
990 1301 1008 1365 ’.
1059 1300 1145 1368 ἀλλά
1170 1304 1209 1368 τὸ
1224 1323 1248 1362 ιο

187 1407 328 1494 ,εὐροετν
356 1405 430 1474 ἀντὶ
456 1409 591 1474 πάντων
618 1419 685 1474 τῶν
715 1409 898 1475 δυσκόλων.
943 1410 975 1472 εί
996 1402 1058 1473 οὖν
1081 1409 1209 1474 τούτων

197 1517 311 1600 καιρός
332 1513 413 1598 έστι,
437 1515 493 1579 διά
515 1517 550 1579 τί
570 1513 631 1580 οὐκ
649 1521 753 1600 αίρεις
770 1514 880 1579 αὐτῶν
898 1514 959 1597 τὴν
978 1515 1139 1593 ἔκκλισιν,
1160 1516 1210 1592 τίς

144 1635 179 1685 38
198 1618 323 1703 ἀνάγκη
342 1620 387 1698 ὡς
405 1621 486 1686 ὄνον
504 1618 794 1705 ξυλοκοπούμενον
812 1618 1030 1706 ἀχθοφορείν;
1050 1621 1082 1684 εί
1099 1616 1137 1684 δὲ
1153 1621 1208 1703 μή,
1295 1635 1296 1656 ¹

197 1725 259 1811 ὅρα
288 1726 339 1791 ότι
367 1726 420 1790 δεῖ
444 1742 481 1792 σε
509 1726 682 1792 δουλεύειν
708 1722 760 1790 ἀεὶ
787 1733 832 1812 τῷ
861 1723 1036 1814 δυναμένῳ
1060 1741 1114 1792 σοι
1137 1728 1210 1790 διω-

197 1829 386 1913 πράξασθαι
404 1831 465 1914 τὴν
483 1830 610 1914 ἔξοδον,
629 1837 674 1918 τῳ
693 1831 823 1909 πάντως
841 1828 1015 1914 ἐμποδίσαι
1033 1828 1210 1920 δυναμένῳ
1223 1848 1247 1889 1⁵

196 1934 351 2001 κάκείνου
373 1937 574 2021 θεραπεύειν
598 1936 642 2012 ὡς
664 1937 910 2021 Κακοδαίμονα.

145 2055 178 2104 39
264 2042 339 2103 Μία
362 2039 440 2115 ὁδὸς
462 2038 516 2104 έπλ
539 2041 673 2126 εὔροιαν
692 2040 804 2128 (τοῦτο
822 2039 878 2108 καλ
900 2044 1029 2126 ὄρθρου
1049 2038 1106 2106 καὶ
1127 2038 1205 2125 μεθ’

197 2140 324 2229 ἡμέραν
351 2140 406 2208 καλ
433 2144 564 2232 νύκτωρ
593 2148 676 2211 έστω
698 2145 906 2233 πρόχειρον),
936 2146 1116 2223 ἀπόστασις
1142 2156 1211 2212 τῶν

199 2247 438 2334 ἀπροαιρέτων,
459 2252 497 2316 τὸ
521 2248 625 2335 μηδὲν
644 2252 733 2318 ἴδιον
751 2252 917 2337 ἡγεῖσθαι,
939 2255 977 2318 τὸ
999 2252 1212 2334 παραδοῦναι

197 2353 305 2420 πάντα
326 2363 372 2443 τῷ
391 2356 563 2446 δαιμονίῳ,
585 2366 624 2442 τῇ
647 2358 741 2442 τύχῃ,
763 2356 910 2435 έκείνους
933 2356 1128 2445 ἐπιτρόπους
1150 2357 1211 2422 αύ-
1225 2377 1250 2417 ιο

144 2477 179 2528 40
197 2470 264 2527 τῶν
286 2466 500 2547 ποιήσασθαι,
524 2462 583 2539 οὓς
605 2460 660 2528 καὶ
684 2463 701 2528 ὁ
726 2466 810 2540 Ζεύς
831 2467 1020 2549 πεποίηκεν,
1044 2463 1147 2529 αὐτὸν
1171 2460 1211 2529 δὲ

196 2569 280 2653 πρὸς
302 2565 352 2633 ἑνὶ
375 2564 461 2633 εἶναι
484 2570 586 2657 μόνῳ,
610 2577 655 2655 τῷ
680 2569 765 2656 ίδίῳ,
789 2576 834 2655 τῷ
858 2568 1027 2658 ἀκωλύτῳ,
1050 2567 1105 2634 καὶ
1128 2568 1210 2634 ἀνα-

198 2673 395 2753 γνγνόσκειν
423 2671 476 2738 ἐπὶ
503 2682 601 2740 τοῦτο
624 2672 833 2758 ἀναφέροντα
855 2675 917 2758 τὴν
940 2673 1130 2758 ἀνάγνωσιν
1152 2673 1211 2740 καλ

269 2938 337 2999 4sq.
357 2933 391 2988 of.
411 2934 538 3004 Ench.2‚
555 2943 583 2989 1:
606 2936 655 2990 καλ
678 2935 693 2990 ό
716 2935 768 3006 μὲν
791 2934 882 3007 ὀρέξει
899 2939 954 2991 κτλ.
975 2967 1009 2976 -
1028 2941 1053 3004 2,
1069 2942 1098 2990 2:
1122 2934 1159 2988 ἀν
1177 2954 1208 2989 τε

198 2999 252 3070 γὰρ
271 2999 354 3073 ἀρέγῃ
372 3008 429 3057 κτλ.

271 3077 304 3126 17
315 3089 374 3142 sqq.
393 3074 479 3130 Ench.
497 3080 539 3143 19,
554 3082 582 3129 2:
623 3079 653 3131 ία
666 3076 732 3139 όδδς
745 3076 815 3145 πρὸς
828 3084 910 3131 τοῦτο
929 3075 1138 3147 καταφρόνησις
1151 3083 1208 3130 τῶν

199 3141 250 3195 ούκ
270 3135 318 3211 ἐφ’
338 3143 405 3215 ἡμῖν
424 3150 469 3215 (18
488 3145 523 3200 of.
541 3097 627 3204 Εωυλλ.
643 3153 667 3215 1,
682 3154 711 3203 5:
729 3145 879 3218 πρόχειρον
899 3145 986 3217 ἔστω).

198 3287 411 3303 --—-.—,....

271 3385 384 3452 δείπηι
402 3385 434 3439 S:
457 3403 525 3442 corr.
545 3389 575 3449 Sa
604 3391 614 3458 ΙΙ
645 3397 711 3460 λινε
729 3408 755 3446 8:
774 3407 804 3444 σε
823 3391 858 3458 8,·
877 3390 908 3445 δὲ
923 3391 1094 3460 Μτίὸοιαιλιε,
1112 3393 1210 3448 malim

200 3451 254 3519 γὰρ
293 3454 304 3519 fl
344 3458 378 3507 14
397 3452 439 3507 ότι
462 3457 523 3524 Upt.
542 3460 613 3514 οοά..·
631 3463 662 3513 τί
676 3461 698 3517 S
735 3463 745 3527 ΙΙ
786 3465 819 3513 16
837 3460 949 3524 πάντως
965 3463 1077 3532 scripsi:
1094 3469 1154 3516 πᾶν
1174 3463 1210 3530 8,·

199 3520 285 3575 πάλιν
305 3520 332 3576 0.
351 3522 466 3578 Schenkl
497 3528 506 3594 ΙΙ
536 3532 574 3597 τῷ
592 3531 799 3600 παρεμποδίσαι
819 3530 917 3587 Coraca
