2650 3930
134 196 319 253 (mm-19)
426 185 579 240 ΒΙΒΔΙΟΝ
596 185 797 240 ΔΕΥΤΕΡΟΝ.
817 183 856 240 κ’.
1086 185 1149 250 177

132 350 215 424 τοὺς
237 349 542 432 Συνεπικουρείους
556 347 637 412 ’ἔδει
664 361 702 412 σε
729 355 831 412 ταῦτα
860 345 986 431 λέγειν,
1013 345 1087 433 ούχλ
1113 345 1151 416 δέ

132 454 218 539 πρὸς
242 451 390 530 ἐκείνους
416 451 703 538 ἀποκρύπτεσθαι,
731 456 818 518 πολὺ
846 450 974 537 μάλιστ’
1002 453 1150 532 ἐκείνους

132 561 200 645 πρὸ
223 559 358 626 πάντων
381 558 588 643 ἀναπείθειν,
612 559 663 625 ὅτι
681 560 782 644 φύσει
804 557 995 626 κοινωνικοὶ
1013 564 1150 644 γεγόνα-

133 688 210 750 μεν,
232 665 283 732 ὅτι
306 663 438 749 ἀγαθὸν
458 665 480 750 ἡ
504 663 686 750 ἐγκράτεια,
713 665 769 730 ἵνα
793 683 846 732 σοι
868 666 976 732 πάντα
998 676 1149 753 τηρηιαις
1170 684 1204 732 14

104 771 155 856 εῆ
178 774 262 858 πρός
279 795 372 848 τινας
389 767 451 856 μὲν
470 772 524 836 δεί
538 770 719 856 φυλάττειν
736 772 861 855 ταύτην
879 773 940 855 τὴν
957 775 1151 856 κοινωνίαν,

131 879 217 963 πρός
243 900 335 953 τινας
362 874 391 941 δ’
425 877 481 954 αύς
515 879 598 961 πρὸς
624 879 718 953 τίνας
745 871 807 942 οὖν
835 877 889 942 δεί
913 887 1039 963 τηρεῖν;
1067 880 1150 964 πρὸς

131 986 212 1060 τοὺς
239 981 495 1069 ἀντιτηροῦντας
519 983 542 1068 ἣ
568 985 652 1069 πρὸς
678 985 758 1060 τοὺς
788 987 1018 1068 ναραβατικῶς
1049 984 1150 1068 αὐτῆς

132 1091 282 1173 ἐχονταςς
297 1086 352 1155 καὶ
366 1092 454 1166 τίνες
466 1089 781 1174 ταραβατικότερον
795 1087 896 1172 αὐτῆς
909 1091 1044 1174 ἔχουσιν
1055 1089 1150 1174 ὑμῶν

131 1205 200 1261 τῶν
222 1203 325 1260 ταῦτα
348 1197 586 1279 διειληφότων;

91 1323 118 1362 ιο
204 1303 248 1365 Τί
276 1294 339 1366 οὖν
365 1294 409 1383 ην
435 1302 474 1366 τὸ
502 1298 633 1387 ἐγείρων
661 1300 765 1368 αὐτὸν
792 1300 828 1366 ἐκ
854 1312 922 1366 τῶν
948 1301 1066 1369 ότνων
1092 1301 1148 1370 καὶ
1169 1319 1202 1368 15

132 1405 317 1490 ἀναγκάζον
341 1406 482 1491 γράφειν
505 1405 525 1472 δ
549 1409 708 1492 ἐγραφεν;
730 1409 766 1472 τί
785 1408 849 1492 γὰρ
871 1408 953 1474 άλλο
971 1407 992 1492 ἢ
1011 1411 1048 1476 τὸ
1066 1409 1149 1476 κτάν-

131 1523 289 1578 τουτων
312 1511 349 1578 ἐν
372 1512 566 1598 ἀνθρώποις
590 1516 816 1599 ίσχνρότατον,
839 1513 859 1596 η
883 1516 984 1599 φύσις
1006 1513 1148 1582 ἕλκουσα

132 1616 186 1684 &a
212 1619 250 1684 τὸ
278 1618 380 1702 αὐτῆς
404 1619 557 1703 βούλημα
584 1619 707 1684 ἀκοντα
729 1617 784 1684 καὶ
808 1617 979 1697 στέναντα;
1009 1620 1061 1688 ὅτι
1084 1621 1147 1706 γάρ
1169 1639 1200 1686 16

132 1726 227 1790 δοκεῖ
247 1742 300 1791 σοι
322 1734 426 1791 ταῦτα
448 1727 488 1790 τά
511 1723 731 1809 ἀκοινώνητα,
752 1724 884 1809 γράψον
906 1726 989 1792 αὐτὰ
1011 1723 1067 1791 καὶ
1090 1727 1147 1791 άλ·

89 1853 116 1893 15
131 1836 202 1908 λοις
224 1830 364 1898 ἀτόλιτιε
387 1829 442 1900 καὶ
465 1830 681 1917 ἀγρύννησον
700 1828 744 1896 δι’
766 1830 848 1896 αὐτὰ
869 1833 925 1896 καί
943 1829 1043 1908 αὐτὸς
1060 1833 1146 1920 ἐργφ

129 1939 313 2023 κατήγορος
343 1947 445 2021 γενοῦ
476 1923 558 2004 τῶν
576 1946 701 2006 σαυτοῦ
731 1937 915 2022 δογμάτων.
966 1931 1035 2004 εἶτα
1059 1934 1146 2024 Ὀρέ-
1166 1955 1199 2004 1⁷
1250 1955 1251 1960 ’

130 2061 212 2128 στην
240 2039 301 2128 μὲν
327 2043 394 2109 ὑπὸ
419 2041 580 2129 Ἐρινύων
607 2044 832 2129 ἐλαυνόμενον
860 2055 976 2128 φῶμεν
1008 2043 1044 2110 ἐκ
1075 2054 1143 2110 τῶν

128 2149 247 2217 ύτνων
285 2147 521 2235 ἐξεγείρεσθαι·
560 2151 667 2239 τούτῳ
704 2147 735 2215 δ’
773 2150 814 2216 οὐ
848 2144 1071 2236 χαλεπώτεραι
1107 2149 1146 2217 αί

124 2253 275 2342 Ἐρινύες
301 2253 357 2322 καὶ
383 2260 522 2335 Ποιναί;
557 2255 726 2342 ἐξήγειρεν
755 2257 966 2324 καθεύδοντα
997 2253 1052 2322 καὶ
1084 2255 1146 2323 οὐκ

86 2384 113 2424 το
128 2367 210 2427 εἴων
236 2361 388 2448 ηρεμείν,
417 2361 490 2428 ἀλλ’
515 2363 700 2448 ἠνάγκαζον
730 2361 939 2446 ἐξαγγέλλειν
970 2363 1010 2428 τὰ
1042 2360 1146 2428 αὑτοῦ

128 2468 214 2534 κατὰ
237 2469 346 2553 ὥσπερ
368 2471 448 2545 τοὺς
469 2469 621 2546 Γάλλους
646 2468 668 2553 ἡ
697 2471 798 2552 μανία
820 2465 876 2534 καὶ
899 2467 917 2534 ὁ
941 2461 1042 2542 οἶνος.
1087 2466 1145 2532 ού·
1165 2485 1198 2534 18

10 2603 23 2643 ι
128 2598 193 2651 τως
216 2577 355 2660 ἰσχυρόν
377 2598 410 2641 τι
432 2573 488 2642 καὶ
511 2573 669 2659 ἀνίκητόν
688 2573 779 2641 ἐστιν
800 2573 822 2658 ἡ
846 2574 946 2659 φύσις
967 2572 987 2655 η
1011 2571 1144 2658 ἀνθρω-

127 2682 219 2764 ττίνη.
264 2691 333 2757 πῶς
351 2682 415 2766 γὰρ
436 2682 577 2748 δύναται
600 2682 745 2765 ἄμπελος
767 2681 812 2765 μὴ
835 2679 1023 2764 ἀμπελικιθς
1043 2690 1145 2745 κινεί-

128 2793 227 2871 σθαι,
258 2784 330 2852 ἀλλ’
356 2786 548 2871 §stanneam
579 2786 673 2853 ἐλαία
695 2787 796 2852 πάλιν
819 2787 864 2871 μη
891 2785 1043 2868 ἐλαίκῶς,
1067 2782 1139 2852 ἀλλ’

85 2912 114 2954 ει
128 2891 329 2977 ἀμπελικῶς;
362 2893 552 2978 ἀμήχανον,
583 2893 794 2978 ἀδιανόητον.
849 2893 890 2960 οὐ
919 2897 1037 2962 τοίνυν
1066 2889 1138 2957 οὐδ’
1165 2910 1196 2960 19

128 3001 313 3085 ἄνθρωπον
333 2990 408 3066 οἷόν
425 3023 461 3065 τε
478 3005 647 3076 παντελῶς
670 2998 829 3065 ἀτολέσαι
847 3001 905 3076 τὰς
922 3002 1069 3083 κινήσεις
1086 2999 1144 3075 τὰς

128 3103 343 3190 ἀνθρωττικάς
374 3103 430 3170 καὶ
458 3105 494 3170 οἱ
520 3103 781 3189 ἀτοκοττόμενοι
809 3104 867 3182 τάς
893 3127 930 3188 γε
954 3106 1144 3191 προθυμίας

201 3317 324 3402 λαότήἀ
345 3331 367 3388 S
391 3335 400 3402 ΙΙ
428 3336 462 3386 13
481 3332 567 3402 αότῆς
590 3331 626 3387 S:
644 3348 713 3387 εοντ.
737 3331 799 3402 Πμί.
835 3333 846 3401 ΙΙ
880 3335 914 3386 14
932 3329 1146 3400 άιιοινώνηταδ

128 3405 187 3471 (aad
205 3405 258 3460 ἀκο
276 3406 309 3460 ἐκ
326 3420 392 3471 ναι,
408 3409 442 3459 ut
453 3404 522 3460 αλλ.)
544 3407 553 3472 η
578 3408 610 3459 18
625 3410 724 3458 τοῦτον
737 3419 751 3458 ε
763 3402 863 3468 (deleta
872 3408 936 3472 γοοί
945 3401 1050 3458 Ποιναὶ
1058 3405 1142 3458 ἀκειο-

122 3476 286 3615 metim)
319 3478 329 3546 ΙΙ
362 3473 395 3529 αλ
406 3475 457 3531 del.
472 3474 556 3530 θελοι.
589 3476 598 3543 ΙΙ
630 3480 665 3530 20
684 3475 770 3530 αὐτοῦ
790 3473 822 3531 S:
846 3490 915 3530 οων.
939 3473 1036 3530 Comes
1067 3476 1076 3543 ΙΙ
1108 3478 1143 3528 24

179 3645 324 3686 Εετονικτε.
949 3638 980 3685 12
