2650 3930
167 135 231 199 136
312 118 496 198 APPIA'NOT
514 136 588 190 ΤΩΝ
605 136 824 188 ΕΠιΚνΗνου
840 135 1035 189 ΔΙΑΤΡΙΒΩΝ

164 296 274 376 δεῖξαί
287 319 319 363 τι
336 297 417 382 ἡμῖν
434 299 517 383 πρὸς
534 299 573 363 τὸ
592 297 693 375 αὐτὰς
710 296 907 384 ἐφαρμόζειν
931 297 1069 382 ἀμεινον
1092 295 1183 363 ἀνω-

164 402 248 489 τέρω
280 412 341 470 τοῦ
373 405 485 470 δοκεῖν
517 420 585 483 σοις
624 405 642 470 ὁ
680 400 717 469 δί
753 407 952 489 μαινόμενος
987 404 1071 469 ἀλλα
1102 404 1183 469 τινὰ
1318 469 1319 474 ,

164 521 253 576 κοιεῑ
270 508 291 594 ἢ
310 512 350 575 τὰ
369 511 534 576 δοκοῦντά
552 512 587 577 οί
602 511 700 589 καλοί;
724 510 866 600 κάκείνῳ
886 505 947 577 οὖν
968 509 1065 596 ἀρκεῖ
1079 520 1180 578 τοῦτο

164 618 203 682 τὸ
235 617 421 703 κριτήριονς
457 654 496 665 -
530 617 601 684 Οὐκ
632 617 734 704 ἀρκεῖ.
767 655 808 666 -
838 613 937 683 Ἐλθί
968 611 1030 684 οὖν
1062 616 1118 683 ἐττί
1144 639 1181 682 τι

166 720 321 808 ἀνωτέρω
344 733 404 789 τοῦ
428 725 549 790 δοκεῖν.
593 728 629 789 τί
648 727 747 791 τοῦτό
770 723 875 804 ἐστιν;
1211 740 1230 781 ⁵

111 846 147 894 13
224 826 287 894 ’‘10’
322 829 405 916 ἀρχὴ
443 835 644 916 φιλοσοφίας
679 837 837 914 αίσθησις
871 831 978 916 μάχης
1007 839 1066 914 τῆς
1096 831 1181 915 πρὸς

166 935 330 1020 ἀλλήλους
356 947 424 1002 τῶν
451 935 643 1024 ἀνθρώπων
670 934 726 1004 καὶ
751 940 879 1022 ζήτησις
901 947 961 1004 τοῦ
983 930 1061 1022 παρ’
1088 935 1106 1001 ὕ
1129 937 1181 1019 γί-

165 1064 257 1108 νεται
289 1042 309 1126 ἡ
343 1044 429 1128 μάχη
461 1040 517 1109 καὶ
546 1044 752 1127 κατάγνωσις
782 1042 838 1110 καί
869 1042 1002 1109 ἀπιστία
1031 1044 1115 1126 πρὸς
1139 1043 1180 1108 τὸ

165 1153 271 1226 ψιλῶς
295 1150 430 1231 δοκοῦν,
453 1150 572 1235 ἔρευνα
596 1148 636 1216 δέ
655 1174 705 1228 τις
725 1149 802 1237 περὶ
819 1152 857 1217 τὸ
876 1151 1001 1217 δοκοῦν
1019 1151 1051 1214 εί
1068 1149 1182 1235 ὀρθῶς

166 1252 336 1319 δοκεῖκαὶ
358 1254 487 1340 εὕρεσις
508 1257 650 1334 κανόνος
671 1260 777 1339 τινός,
805 1248 878 1324 οἷον
902 1253 956 1322 ἐπὶ
982 1258 1096 1341 βαρῶν
1117 1257 1179 1321 τὸν
1195 1273 1229 1314 10

169 1361 268 1441 ζυγὸν
300 1358 457 1454 εὕρομεν,
489 1352 563 1428 οἷον
592 1361 646 1427 ἐντὶ
675 1360 805 1428 εὐθίων
836 1361 893 1429 καὶ
924 1365 1092 1448 στρεβλῶν
1118 1362 1181 1445 τὴν

114 1485 148 1533 14
168 1465 330 1550 στάθμην.
375 1463 464 1533 τοῦτ’
492 1470 582 1534 ἔστιν
601 1467 684 1554 ἀρχὴ
703 1472 913 1554 φιλοσοφίας.
948 1469 1056 1534 κοίντα
1073 1472 1183 1544 καλῶς

168 1573 234 1658 ἔχει
261 1573 301 1638 τὰ
329 1574 494 1639 δοκοῦντα
521 1576 637 1654 ἅπασα
666 1573 722 1640 καὶ
749 1586 818 1652 κῶς
846 1575 1058 1641 δυνατόντὰ
1080 1575 1182 1659 μαχό-

168 1701 251 1763 μενα
278 1683 386 1757 καλῶς
413 1682 515 1766 ἔχειν;
550 1681 674 1747 οὐκοῦν
702 1680 743 1746 οὐ
770 1679 893 1764 πάντα,
923 1679 1007 1746 ἀλλὰ
1033 1681 1073 1745 τὰ
1100 1679 1182 1763 ἡμῖν

113 1803 148 1853 15
169 1787 342 1852 δοκοῦντα.
387 1790 423 1852 τί
446 1792 574 1872 μᾶλλον
600 1786 621 1871 ἢ
648 1787 688 1852 τί
716 1787 858 1870 Σύροις,
884 1790 920 1851 τί
943 1791 1070 1871 μᾶλλον
1097 1785 1118 1870 ἢ
1141 1785 1182 1850 τὰ
1197 1802 1227 1844 1⁵

167 1895 377 1976 Αἰγυπτίοις,
404 1897 440 1958 τί
459 1897 586 1978 μᾶλλον
612 1892 633 1977 ἢ
663 1893 703 1958 τί
726 1889 799 1977 ἐμοὶ
821 1891 1050 1978 φαινόμεναῆ
1073 1892 1114 1956 τοί
1135 1899 1182 1978 τῷ

169 1999 269 2075 δεῖνα
293 2033 329 2044 -
354 1994 464 2064 Οὐδίν
486 2003 623 2082 μᾶλλον.
646 2035 690 2046 -
715 1997 786 2064 Οὐκ
809 1999 874 2084 όίρα
896 1996 992 2082 ἀρκεῖ
1011 2001 1049 2064 τὸ
1069 1999 1183 2064 δοκεῖν

170 2100 295 2191 ἑκάστῳ
317 2107 401 2189 πρὸς
423 2105 461 2169 τὸ
484 2098 582 2169 εἶναι·
613 2101 778 2191 οὐδὲγὰρ
801 2103 855 2170 ἐπὶ
877 2107 991 2190 βαρῶν
1009 2104 1030 2189 ἢ
1054 2102 1183 2190 μέτρων

169 2214 249 2296 ψιλῇ
279 2218 318 2296 τῇ
347 2209 487 2296 ἐμφάσει
517 2211 726 2297 ἀρκούμεθα,
758 2211 843 2277 ἀλλὰ
870 2214 996 2278 κανόνα
1023 2212 1098 2277 τινὰ
1127 2207 1179 2296 ἐφ’

116 2335 150 2384 16
170 2313 309 2382 ἑκάστου
328 2317 479 2404 εὕρομεν.
525 2315 661 2384 ἐνταῦθ’
685 2313 747 2385 οὖν
766 2315 878 2395 οὐδεὶς
896 2318 1009 2384 κανὼν
1027 2315 1183 2404 ἀνωτέρω
1198 2334 1228 2376 2⁰
1318 2375 1319 2378 ,

170 2433 231 2490 τοῦ
255 2425 381 2504 δοκεῐν;
407 2422 463 2491 καὶ
486 2435 555 2502 κῶς
578 2417 708 2491 οἷόντε
731 2423 916 2511 ἀτέκμαρτα
938 2419 1025 2491 εἶναι
1046 2422 1102 2489 καὶ
1124 2422 1185 2488 ἀν-

170 2532 288 2617 εύρετα
311 2533 351 2597 τοί
374 2532 616 2615 ἀναγκαιότατα
639 2530 676 2597 ἐν
694 2531 901 2616 ἀνθρώποις;
923 2567 962 2578 -
976 2529 1089 2597 Ἔστιν
1112 2524 1185 2596 οὖν.

117 2657 214 2708 1⁰1—
237 2635 304 2701 Καὶ
332 2639 388 2702 διὰ
415 2641 450 2704 τί
474 2639 516 2704 οὐ
538 2640 703 2722 Ιζητοῦμεν
730 2637 833 2704 αὐτὸν
860 2635 917 2703 καὶ
944 2636 1185 2722 ἀνευρίσκομεν

170 2741 225 2808 καὶ
249 2741 445 2829 ἀνευρόντες
468 2746 586 2810 λοιπὸν
609 2743 826 2831 ἀτταραβάτως
847 2744 1006 2829 χρώμεθα
1028 2743 1106 2828 δίχα
1126 2742 1185 2808 αὐ-

116 2869 151 2917 18
170 2858 231 2916 τοῦ
253 2845 338 2933 μηδὲ
359 2851 418 2916 τὸν
437 2850 601 2917 δάκτυλον
624 2849 837 2930 ἐκτείνοντες;
859 2859 958 2916 τοῦτο
978 2849 1058 2935 γάρ,
1081 2843 1185 2933 οἶμαι,
1200 2865 1228 2908 2⁵

171 2953 262 3021 ἐστὶν
285 2955 304 3021 δ
327 2951 467 3042 εὑρεθίν
490 2955 693 3023 ἀκαλλάσσει
716 2959 835 3041 μανίας
852 2957 931 3033 τοὺς
948 2958 1091 3044 μόνφ
1059 2962 1105 3019 τῶ
1128 2955 1186 3020 δο·

243 3137 278 3184 23
289 3148 345 3256 sq
348 3131 374 3184 fr
412 3149 449 3185 m.
468 3130 533 3186 XV:
554 3125 619 3186 ἐπεί
633 3151 677 3186 τοι
667 3131 851 3201 ιιφλοσοφία
870 3130 970 3200 φησίν,
990 3126 1033 3183 ὕτι
1051 3127 1117 3184 οάδί
1135 3127 1186 3182 τὸν

173 3201 210 3260 δαί
211 3197 362 3257 ιιντυλοέκ
345 3221 466 3256 κτιενεν
485 3200 546 3272 εἰκῇ
564 3201 707 3273 προσήκει.

246 3359 429 3450 Ιαδτὰςδβ.
447 3355 784 3430 αὕτακςιῦλιίέλιθία.
781 3353 1187 3426 ·ἒλθὼν8116”ίδ’ὕυλω..·

174 3429 227 3488 εἴθ’
245 3430 267 3486 S
295 3433 304 3498 λ
338 3429 416 3485 11ιῦ
399 3446 520 3500 υροκμεν
534 3431 557 3487 S
572 3432 639 3499 (fuit
657 3429 792 3500 εὕρωμεν)
819 3432 828 3499 ΙΙ
857 3436 890 3483 13
910 3427 1012 3498 ἔχεινα
1038 3430 1048 3497 [l
1077 3434 1109 3484 17
1129 3427 1187 3498 ἀρα

174 3503 294 3572 Smer
313 3503 414 3557 lineam
431 3517 466 3556 m.
480 3519 526 3571 pr.
554 3504 563 3572 ΙΙ
590 3503 686 3556 δοκεῖν
704 3518 731 3556 ε.-
750 3501 854 3555 δοκοῦν
872 3499 895 3555 S
