2630 3928
185 203 207 266 4
324 203 506 255 APPIANOT
523 202 597 253 ΤΩΝ
616 202 830 253 ΕΠΙΚΤΗΤΟΤ
849 199 1042 253 ΔΙΑΤΡΙΒΩΝ

253 362 306 430 ια’.
343 362 429 449 Περὶ
452 367 693 447 φιλοστοργίας.

253 468 306 555 ιβ.
345 468 430 555 Περὶ
453 470 703 554 εὐαρεστήσεως.

254 575 308 660 ιγ’.
344 581 423 652 Πῶς
446 574 564 640 ἕκαστά
588 573 656 640 ἐστι
678 585 786 639 ποιεῖν
809 573 952 654 ἀρεστῶς
973 580 1075 649 θεοῖς.

255 681 308 748 ιδ.
336 681 408 746 Ὅτι
431 682 555 758 πάντας
577 680 682 767 ἐφορᾷ
704 683 741 745 τὸ
764 686 870 764 θεῖον.

255 786 304 855 ιε’.
351 791 394 853 Τί
414 786 645 872 ἐπαγγέλλεται
669 790 860 871 φιλοσοφία.

258 895 308 964 ις’.
345 893 432 981 Περὶ
453 897 621 980 προνοίας.

256 999 304 1081 ιζ’.
338 1000 410 1066 Ὀτι
433 1001 594 1085 ἀναγκαῖα
616 1002 656 1066 τά
680 1002 804 1084 λογικά.

257 1105 310 1192 ιη’.
343 1107 416 1171 ’Ότι
439 1107 480 1172 οὐ
504 1108 558 1171 δεῖ
581 1111 791 1192 χαλεπαίνειν
814 1117 883 1184 τοῖς
910 1105 1197 1192 ἁμαρτανομένοις.

258 1213 315 1281 ιθ’.
349 1219 429 1290 Πῶς
451 1215 539 1297 ἔχειν
563 1214 616 1278 δεῖ
636 1216 719 1298 πρὸς
741 1216 819 1290 τοὺς
840 1213 1034 1294 τυράννους.

256 1319 294 1386 α’.
350 1322 435 1401 Περὶ
454 1327 513 1385 τοῦ
533 1321 635 1402 λόγου
659 1331 727 1396 πῶς
750 1320 853 1385 αὑτοῦ
875 1323 1077 1404 θεωρητικός
1100 1319 1199 1386 ἐστιν.
1215 1339 1240 1378 10

257 1423 316 1493 νά.
354 1429 447 1512 Πρὸς
469 1429 547 1503 τοὺς
569 1426 798 1510 θαυμάζεσθαι
820 1424 990 1503 θέλοντας.

258 1531 318 1618 κβ.
356 1528 442 1615 Περὶ
464 1541 532 1596 τῶν
554 1532 760 1615 προλήψεων.

259 1639 317 1723 κγ’.
355 1641 448 1724 Πρὸς
466 1635 672 1722 ’λἀιίκουρον.

258 1743 319 1812 αδ.
357 1750 436 1822 Πῶς
458 1746 541 1829 πρὸς
562 1745 620 1820 τὰς
642 1744 846 1824 περιστάσεις
869 1742 1078 1827 ἀγωνιστέον.

259 1849 314 1918 κε’.
352 1853 444 1931 Πρὸς
466 1852 502 1914 τὸ
526 1849 615 1914 αὐτό.
1216 1871 1241 1910 ιε

259 1953 318 2026 σις’.
360 1960 417 2032 Τίς
440 1956 457 2021 ὁ
481 1957 635 2038 βιατικὸς
656 1957 766 2038 νόμος.

261 2058 318 2140 αξ.
355 2066 518 2145 Ποσαχῶς
539 2060 576 2124 αλ
592 2065 769 2144 φαντασίαι
787 2062 938 2143 γίνονται
957 2060 1011 2127 καλ
1030 2065 1104 2126 τίνα
1122 2064 1202 2146 πρό-

359 2191 451 2253 χειρα
469 2169 552 2251 πρὸς
571 2166 671 2243 αὐτάς
689 2170 886 2252 βοηθήματα
907 2168 1201 2254 παρασκευαστέον,

222 2339 224 2343 .
261 2272 321 2359 κη’.
348 2273 420 2338 Ὅτι
444 2274 484 2340 οὐ
513 2275 566 2338 δεῖ
590 2278 800 2359 χαλεπαίνειν
829 2273 1021 2359 ἀνθρώποις
1046 2273 1102 2340 ααὶ
1128 2279 1202 2340 τίνα
1296 2291 1297 2301 ’

359 2382 398 2446 τά
421 2381 521 2464 μικρά
544 2378 599 2444 καλ
622 2380 747 2464 μεγάλα
770 2379 806 2444 ἐν
830 2378 1030 2464 ἀνθρώποις.
1219 2403 1245 2440 20

262 2484 327 2553 κθ’.
359 2485 445 2572 Περὶ
468 2487 669 2562 εὐσταθείας.

263 2591 301 2660 λ’.
361 2598 403 2658 Τί
423 2595 476 2658 δεῖ
496 2596 674 2678 πρόχειρον
697 2594 784 2676 ἔχειν
812 2592 848 2656 ἐν
871 2602 942 2669 ταῖς
963 2592 1203 2678 περιστάσεσιν.

271 2909 309 2976 α’.
347 2909 446 2995 Περὶ
468 2922 544 2978 τῶν
568 2909 623 2996 ἐφ’
651 2910 829 2996 ἡμῖνκαὶ
853 2911 923 2977 οὐκ
946 2909 1001 2998 ἐφ’
1028 2911 1131 2996 ἡμῖν.

164 3029 179 3099 ι’
269 3039 343 3101 Τῶν
374 3037 484 3102 άλλυν
518 3037 692 3121 δυνάμεων
724 3038 884 3122 οὐδεμίαν
916 3037 1070 3121 εὑρήσετε
1100 3037 1204 3121 αὐτὴν

198 3143 298 3226 αὑτῆς
330 3143 553 3228 θεωρητικήν,
585 3142 626 3208 οὐ
657 3147 772 3208 τοίνυν
804 3140 884 3209 οὐδὲ
916 3144 1152 3228 δοκιμαστικὴν
1183 3143 1247 3226 ἣν

163 3247 508 3334 εάποδοκιμαστινήν.
554 3248 574 3332 δ
598 3252 803 3334 γραμματικὴ
827 3248 921 3335 μέχρι
944 3253 1034 3326 τίνος
1053 3247 1206 3334 κέκτηται

271 3425 371 3487 θεοὺς
389 3425 577 3491 οιαίνβναίν
591 3429 667 3479 textu
706 3426 716 3492 11
758 3429 791 3477 10
810 3427 921 3492 λογικοῦ
939 3424 1086 3480 S:corr.s
1126 3429 1136 3492 ss
1174 3433 1206 3480 17

198 3495 348 3566 πρόχειρα]
367 3495 395 3564 ρ2
412 3498 444 3550 ι’τι
461 3512 515 3550 rar.
535 3513 552 3550 a
571 3495 601 3555 δι
633 3497 642 3565 Ιλ
681 3500 713 3548 18
727 3493 798 3548 αὐτὰ
817 3497 849 3548 ιἰι
866 3501 943 3550 textu
980 3498 990 3565 ΙΙ
1025 3502 1058 3550 22
1081 3497 1128 3566 Τί]
1146 3493 1207 3549 Ὀτι

198 3568 354 3622 rubricator
380 3569 389 3637 ΙΙ
417 3574 450 3622 25
469 3569 555 3636 αὐτῆς
573 3567 605 3622 S.-
623 3584 692 3622 corr.
711 3583 724 3620 ε
