2608 3928
210 213 275 278 398
360 211 543 266 εεειευου
560 212 635 265 νου
652 211 870 264 ειιικνειεου
887 212 1087 266 Διευειειευ

209 375 249 440 τά
272 374 376 439 αὑτοῦ
399 376 642 439 πεπιστευκότι·
670 369 845 459 ὑπέρχεται
874 373 936 459 γάρ
960 372 1063 458 ἡμᾶς,
1095 373 1153 438 ὅτι
1178 376 1233 441 οὐκ

208 483 250 546 άν
277 502 356 546 ποτε
385 475 483 557 οὗτος
509 478 631 558 ἐξείποι
656 481 696 544 τά
718 476 860 564 ἡμέτερα
883 479 1152 563 εὐλαβούμενος,
1179 485 1234 566 μή·

174 605 286 652 οποτε
314 583 369 652 καὶ
396 586 490 671 ήμεϊς
518 585 696 670 έξείπωμεν
724 586 763 651 τά
786 584 927 652 ἐκείνου.
972 585 1060 651 οὕτω
1086 585 1150 652 καὶ
1173 589 1233 654 {ab

207 703 273 758 τῶν
302 703 510 777 στρατιωτῶν
534 691 571 759 ἐν
593 691 699 778 Ῥώμῃ
728 692 763 758 οί
786 703 959 775 προπετεῖς
988 693 1232 777 λαμβάνονται.

206 797 452 886 παρακεκάθιιιέ
472 815 525 866 σοι
549 800 747 885 στρατιώτης
766 797 803 864 έν
825 801 967 884 σχήματι
989 799 1157 887 ἰδιωτικῷ
1181 799 1256 865 καλε

208 905 389 993 ἀρξάμενος
407 917 513 983 κακῶς
536 904 645 989 λέγειν
674 907 734 971 τὸν
756 908 925 990 Καίσαρα,
956 900 1025 970 εἶτα
1049 908 1094 970 σὺ
1122 907 1231 992 ὥσπερ

208 1011 365 1101 ε’νέχυρον
387 1011 464 1100 παρ’
488 1012 592 1078 αὐτοῦ
615 1013 728 1096 λαβὼν
749 1020 806 1095 τῆς
827 1015 968 1089 πίστεως
989 1013 1027 1077 τὸ
1046 1010 1161 1077 αὐτὸν
1180 1023 1231 1096 τής

207 1121 376 1206 λοιδορίας
408 1125 591 1205 κατῆρχθαι
627 1118 733 1202 λέγεις
763 1115 818 1183 καὶ
851 1118 950 1194 αὐτὸς
982 1117 1043 1182 ὅσα
1078 1131 1231 1203 φρονεῖς,

171 1220 277 1289 θεῖτα
304 1221 416 1301 δεθεὶς
442 1222 560 1310 άπάχχ.
610 1226 764 1290 τοιοῦτόν
791 1247 823 1288 τι
849 1221 906 1288 καὶ
933 1221 970 1288 έν
996 1231 1043 1311 τῶ
1074 1228 1230 1291 καθόλου
1283 1271 1284 1278 1

206 1329 384 1416 πάσχομεν.
414 1329 518 1416 αὐτὰρ
537 1331 583 1406 ὡς
600 1328 674 1414 έμοδ
694 1329 819 1407 ἐκεῖνος
833 1329 990 1415 ἀσφαλῶς
1006 1335 1229 1396 πεπίστευκεν
1240 1357 1255 1394 ιι

172 1435 246 1499 ιτδι
269 1433 404 1518 ἑαυτοῦ,
429 1436 534 1512 οὕτως
556 1434 647 1519 κάχῶ
670 1445 716 1525 τῷ
740 1434 941 1522 ἐπιτυχόντα
974 1432 1045 1501 ἀλλ’
1076 1435 1147 1520 ἐγὼ
1172 1433 1229 1521 μὲν
1283 1469 1284 1531 3

206 1539 351 1619 ἀκούσας
373 1553 502 1625 σιωπῶ,
530 1542 572 1607 άν
595 1565 632 1626 χε
656 1537 681 1606 ὦ
704 1552 870 1625 τοιοῦτος,
900 1542 917 1608 ὁ
942 1538 972 1606 δ’
1001 1539 1159 1619 ἐξελθὼν
1183 1542 1228 1609 ό-

204 1644 299 1733 φέρει
321 1650 404 1732 πρὸς
426 1648 559 1725 πάντας.
595 1643 654 1713 εἶτ’
675 1647 718 1713 διν
735 1658 804 1731 γνῶ
824 1649 861 1713 τὸ
881 1649 1077 1732 γενόμενον,
1102 1647 1150 1714 άν
1170 1647 1227 1734 μὲν

206 1748 232 1818 ὦ
256 1751 311 1819 καὶ
334 1753 433 1832 αὐτὸς
456 1753 572 1843 ἑκείνφ
595 1754 719 1837 ὅμοιος,
743 1753 935 1838 ἀμύνασθαι
958 1751 1072 1819 θέλων
1095 1754 1226 1842 ἐκφέρω

170 1875 186 1924 8
205 1861 245 1925 τά
268 1859 397 1926 ἐκείνου
420 1858 475 1926 καὶ
498 1862 595 1946 φύρω
617 1858 673 1925 καὶ
695 1861 853 1946 φύρομαι.
891 1859 933 1924 δν
953 1856 990 1924 δὲ
1009 1865 1225 1945 μνημονεύω,
1237 1885 1253 1924 15

205 1965 256 2029 ὅτι
278 1967 378 2043 ἄλλος
400 1967 503 2031 άλλον
527 1967 567 2031 οὐ
590 1966 739 2050 βλάπτει,
762 1965 846 2031 ἀλλά
865 1965 906 2029 τά
924 1964 1029 2030 αὑτοῦ
1048 1967 1135 2052 ἔργα
1156 1967 1225 2033 ἕκα-

205 2085 285 2134 στον
307 2067 362 2134 καὶ
385 2069 522 2153 βλάπτει
544 2069 600 2136 καὶ
628 2072 763 2156 ὠφελεῖ,
792 2070 914 2137 τούτου
942 2067 1003 2154 μὲν
1026 2084 1144 2154 κρατῶ
1168 2083 1224 2139 τοῦ

204 2176 249 2261 μή
278 2175 394 2259 ὅμοιόν
420 2199 452 2240 τι
478 2185 615 2260 ποιήσαι
638 2175 770 2266 έκείνφ,
800 2177 888 2261 ὅμως
911 2172 941 2241 δ’
968 2177 1034 2242 ὑπὸ
1057 2184 1225 2266 φλυαρίας

204 2289 261 2365 τής
284 2280 427 2365 ἐμαυτοῦ
449 2282 603 2350 πέπονθα
626 2283 646 2348 δ
669 2282 832 2349 πέπονθα.
1281 2357 1282 2371 χ

44 2438 47 2444 .
169 2404 184 2453 9
271 2390 354 2452 Ναί·
378 2387 450 2454 ἀλλ’
472 2392 591 2456 άνισόν
614 2387 705 2454 ἐστιν
723 2388 911 2455 ἀκούσαντα
932 2390 971 2454 τά
995 2398 1054 2455 τοῦ
1078 2397 1251 2475 πλησίονει

204 2493 372 2581 ἀπόρρητα
410 2495 513 2561 αὐτὸν
545 2495 581 2560 έν
613 2503 659 2583 τῷ
698 2493 791 2580 μέρει
827 2497 969 2579 μηδενὸς
1004 2499 1222 2581 μεταδιδόναι
1280 2537 1281 2587 4

151 2617 184 2665 10
204 2600 301 2690 αὐτῷ.
323 2638 367 2648 -
390 2601 450 2684 Μή
479 2602 542 2687 γάρ
570 2617 607 2666 σε
629 2600 855 2688 παρεκάλουν,
882 2602 1056 2687 άνθρωπε;
1087 2605 1134 2687 μὴ
1161 2607 1221 2690 γάρ

203 2703 256 2771 έπὶ
280 2710 465 2791 συνθήκαις
487 2705 575 2772 τισὶν
594 2704 769 2791 ἐξήνεγκας
790 2707 830 2771 τά
849 2717 984 2791 σαυτοῦ,
1007 2705 1052 2773 ἵν’
1075 2708 1221 2797 ἀκούσῃς
1279 2785 1280 2801 χ

151 2829 181 2877 11
203 2811 240 2878 έν
263 2821 309 2901 τῷ
332 2812 423 2900 μέρει
445 2810 501 2878 καὶ
523 2814 564 2878 τά
587 2812 663 2898 ἐμά;
687 2816 718 2878 εί
740 2816 782 2878 σὺ
803 2815 953 2900 φλύαρος
971 2809 1075 2879 εἶκαὶ
1094 2817 1221 2894 πάντας

202 2920 280 2996 τοὺς
303 2917 552 3004 ἀπαντήσαντας
570 2922 691 3004 φίλους
710 2915 796 2985 εἶναι
816 2921 934 3005 δοκεῖς,
957 2917 1068 2998 θέλεις
1086 2921 1146 2990 καὶ
1166 2920 1246 3009 έμὲυι

202 3023 320 3107 ὅμοιόν
343 3040 396 3089 σοι
419 3023 591 3109 γενέσθαι;
613 3028 649 3091 τί
665 3022 711 3110 δ’,
733 3027 765 3091 εί
784 3028 827 3091 σὺ
846 3031 953 3103 καλῶς
971 3049 1027 3110 μοι
1045 3030 1219 3096 πεπίστευ·

201 3153 261 3206 κας
282 3131 322 3195 τδι
346 3140 480 3215 σαυτοῦ,
510 3128 564 3196 σοὶ
587 3128 618 3196 δ’
645 3130 707 3197 οὐκ
730 3133 799 3196 ἔστι
822 3136 929 3208 καλῶς
951 3140 1140 3217 πιστεῦσαι,
1164 3134 1217 3200 θέ·
1277 3193 1278 3233 ἦ

150 3252 183 3299 12
203 3240 270 3311 λεις
293 3259 332 3319 με
355 3247 548 3320 προπεσείν;
577 3228 650 3302 οἷον
673 3239 705 3302 εἰ
730 3240 834 3302 πίθον
858 3231 949 3322 εἶχον
972 3235 1037 3319 έμὼ
1060 3234 1124 3321 μὲν
1149 3259 1216 3306 στε-

203 3340 297 3420 χνόν,
321 3342 362 3403 σὺ
383 3336 420 3402 δὲ
437 3338 683 3424 τετρυπημένον
700 3340 756 3406 καὶ
774 3341 887 3408 ἐλθὼν
907 3340 1144 3429 παρακατέθου
1163 3370 1215 3432 μοι

238 3563 248 3577 ἡ
276 3497 304 3614 18
310 3489 396 3543 αὐτοῦ
416 3490 449 3545 S:
467 3506 569 3546 τοικε
599 3495 608 3561 ΙΙ
642 3499 674 3547 16
694 3495 780 3549 αὐτοῦ
804 3495 836 3556 S:
855 3513 956 3553 τουκε
990 3500 1000 3567 11
1036 3503 1072 3552 28
1096 3517 1216 3570 noom-

204 3576 263 3612 <mv

1273 3733 1275 3882 λ
