2650 3930
150 206 197 263 (Π,
212 211 245 262 ιε,
259 206 350 258 ιι-ιι)
435 199 588 252 Rumon
605 200 808 253 AmTEPON.
838 196 888 257 ις’.
1106 198 1170 263 155

150 359 306 424 θάνατον
329 357 350 441 ἢ
373 359 436 442 τὴν
459 360 572 444 φυγὴν
595 358 826 446 ἐφοβούμεθα,
856 360 940 426 άλλδι
967 361 1027 426 τὸν
1049 362 1170 445 φόβον,

153 464 360 550 ἐμελετῶμεν
392 464 435 530 ἂν
468 463 608 543 ἐκείνοις
643 466 688 551 μὴ
721 469 930 552 περιπίπτειν
963 466 984 533 δ
1016 469 1169 551 φαίνεται

153 571 236 656 ἡμῖν
263 571 355 637 κακά.
401 581 466 637 νῦν
494 569 525 636 δ’
552 570 589 637 ἐν
616 568 678 657 μὲν
704 581 744 658 τῃ
769 578 870 658 σχολῇ
894 571 1012 658 γοργοὶ
1035 570 1090 637 καὶ
1112 597 1169 638 κα·
1188 597 1222 646 20

152 677 343 760 τάγλωσσοι
366 677 429 743 κάν
453 677 648 763 ζῃτῃμάτιον
672 676 795 766 ἐμπέσῃ
818 682 897 764 περί
915 701 1007 755 τινος
1029 679 1169 764 τούτων,

124 782 266 850 είκανοὶ
292 785 334 849 τὰ
361 781 434 868 ἑξῆς
461 783 624 850 ἐπελθεῖν.
670 783 812 850 ἕλκυσον
840 782 870 849 δ’
897 786 944 862 είς
971 794 1090 871 χρῆσιν
1113 784 1169 851 καὶ

152 891 306 976 εὑρήσεις
341 891 485 969 τάλανας
520 892 696 974 ναυαγούς.
755 889 967 977 προσπεσέτω
1003 895 1169 976 φαντασία

152 997 331 1083 ταρακτικαὶ
353 995 408 1062 καὶ
431 998 544 1082 γνώσῃ
565 1001 601 1062 τί
623 995 827 1082 ἐμελετῶμεν
849 994 904 1082 καὶ
926 999 1009 1082 πρὸς
1031 1000 1068 1062 τί
1093 995 1169 1080 ἐγυ-

152 1105 354 1188 μναζόμεδα.
405 1105 524 1169 λοιπὸν
545 1104 611 1169 ὑπὸ
637 1113 695 1187 τῆς
721 1102 935 1189 άμελετῃσίας
962 1120 1168 1189 προσεπισω-
1187 1126 1221 1174 21

153 1210 296 1295 ρεόομεν
332 1207 388 1274 άεί
419 1232 495 1275 τινα
530 1208 585 1275 καὶ
621 1209 899 1295 προσπλάσσομεν
936 1213 1070 1294 μείζονα
1100 1221 1167 1276 τῶν

110 1339 139 1378 ιο
152 1317 382 1382 καθεστώτων.
431 1316 537 1393 εὐθὺς
564 1315 629 1400 ἐγὼ
664 1317 744 1382 όταν
770 1315 875 1401 πλέοι,
902 1317 1092 1395 κατακύψας
1121 1319 1168 1394 είς
1186 1335 1221 1385 αῖ

152 1424 212 1488 τὸν
235 1424 346 1507 βυθὸν
365 1421 386 1505 ἢ
404 1425 441 1488 τὸ
467 1420 610 1505 πέλαγος
630 1422 914 1508 περιβλεψάμενος
935 1422 991 1489 καὶ
1013 1424 1058 1508 μὴ
1085 1425 1168 1489 ίδὼν

151 1537 217 1612 γῆν
239 1526 407 1613 ἐξίσταμαι
436 1527 492 1594 καὶ
514 1531 776 1614 φανταζόμενος,
803 1529 855 1594 ότι
884 1530 968 1603 όλον,
992 1552 1032 1614 με
1055 1529 1168 1595 δεῖτὸ

151 1633 294 1717 πέλαγος
320 1643 418 1700 τοῦτο
447 1633 589 1718 ἐκπιεῖν,
619 1633 662 1700 ἂν
684 1636 881 1719 ναυαγῆσαι,
908 1636 969 1700 οὐκ
985 1633 1171 1721 ,ἐπέρχεταί

152 1765 209 1827 μοι
228 1740 279 1806 ὅτι
297 1765 355 1825 μοι
372 1753 460 1828 τρεῖς
477 1739 587 1819 ξίσται
605 1740 776 1827 ἀρκοῦσιν.
807 1743 845 1805 τί
859 1735 922 1806 οὖν
937 1765 977 1826 με
995 1742 1167 1828 ταράσσει;

112 1867 138 1909 ιε
151 1849 190 1914 τὸ
213 1844 370 1932 πέλαγοςς
400 1848 454 1930 οὔ,
476 1846 560 1934 άλλδι
583 1848 620 1912 τὸ
645 1847 762 1931 δόγμα.
806 1847 908 1912 πάλιν
930 1847 1011 1912 όταν
1033 1849 1168 1932 σεισμὸς
1186 1867 1221 1916 23

151 1951 299 2039 γένῃται,
316 1953 521 2038 φαντάζομαι
540 1953 591 2018 ὅτι
609 1951 629 2036 ἡ
648 1955 744 2029 πόλις
762 1951 947 2018 ἐπιπίπτειν
965 1976 1022 2036 μοι
1040 1950 1168 2037 μέλλει·

152 2060 194 2126 οὐ
216 2061 280 2146 γδιρ
303 2059 400 2146 ἀρκεῖ
420 2061 540 2144 μικρὸν
562 2058 732 2144 λιδάριον,
754 2055 800 2124 ἵν’
823 2058 884 2137 ἐξω
908 2082 973 2143 μου
996 2060 1055 2125 τὸν
1078 2058 1168 2142 ἐγκέ-

151 2171 261 2253 φαλον
283 2167 383 2252 βάλῃς

224 2275 306 2339 Τίνα
335 2266 398 2338 οὖν
425 2269 495 2337 ἐστι
521 2272 562 2336 τὰ
588 2274 757 2356 βαροῦντα
787 2266 842 2335 καὶ
870 2269 1040 2349 ἐξιστάντα
1068 2269 1166 2356 ἡμᾶςς
1186 2291 1221 2340 24

109 2382 227 2448 ιοτίνα
258 2380 322 2462 γδιρ
350 2379 436 2443 ἄλλα
462 2377 483 2461 ἢ
511 2377 551 2442 τδι
581 2377 743 2461 δόγματος
775 2378 834 2442 τὸν
862 2377 925 2462 γδρ
954 2373 1085 2454 ἐξιόντα
1112 2376 1167 2443 καὶ

151 2483 441 2568 άπαλλαττόμενον
464 2493 531 2548 τῶν
554 2484 715 2566 συνόδων
738 2479 793 2546 καὶ
816 2479 956 2567 ἑταίρων
977 2480 1033 2548 καὶ
1055 2485 1166 2550 τόπων

150 2589 206 2656 καί
230 2598 506 2676 συναναστροφῆς
527 2592 563 2655 τί
582 2587 652 2654 ἐστι
674 2591 712 2655 τὸ
735 2592 863 2674 βαροῦν
887 2589 969 2652 ἄλλο
999 2587 1019 2672 ἢ
1044 2590 1166 2674 δόγμας

150 2698 191 2762 τὰ
214 2707 298 2780 γοῦν
320 2697 437 2761 παιδία
461 2695 577 2777 εὐθύς,
600 2695 680 2760 όταν
702 2695 830 2780 κλαύσῃ
849 2694 949 2778 μικροὶ
971 2703 1030 2779 τῆς
1050 2703 1167 2780 τιτδίῃς
1185 2715 1220 2766 25

151 2802 374 2887 ἀπελθούσης,
395 2802 618 2867 πλακούντιον
635 2803 781 2885 λαβόντα
804 2798 1022 2885 ἐπιλέλησται.
1055 2801 1167 2881 θέλεις
1185 2822 1220 2872 26

110 2936 138 2978 ει
152 2904 215 2976 οὖν
246 2905 302 2973 καὶ
333 2909 426 2994 ἡμεῖς
452 2907 598 2985 παιδίοις
630 2906 811 2991 ὁμοιῶμεν;
843 2906 901 2990 οὔ,
932 2907 975 2990 νὴ
1002 2909 1063 2974 τὸν
1089 2913 1167 2974 Δία.

151 3016 193 3081 οὐ
212 3016 275 3099 γάρ
294 3015 359 3081 ὑπὸ
377 3016 602 3080 πλακουντίου
620 3022 719 3079 τοῦτο
737 3012 876 3098 πάσχειν
895 3011 987 3097 ἀξιῶ,
1006 3011 1079 3080 ἀλλ’
1099 3016 1166 3081 ὑπὸ

151 3122 327 3206 δογμάτων
350 3121 474 3207 ὀρθῶν.
518 3123 593 3186 τίνα
617 3116 647 3185 δ’
671 3115 740 3184 ἐστὶ
763 3126 879 3198 ταῦτα;
904 3119 925 3183 δ
949 3121 1003 3185 δεῖ
1022 3122 1082 3186 τὸν
1101 3122 1163 3186 άν-
1182 3138 1217 3187 27
1306 3109 1307 3122 ἶ

222 3422 424 3490 λμελετῶιμεν
439 3417 471 3476 S:
490 3434 558 3474 corr.
574 3417 604 3479 δι
633 3418 642 3480 ΙΙ
669 3407 823 3490 περιπίπτῃ
840 3417 872 3474 S.-
890 3434 958 3474 σοιν.
978 3418 1048 3563 Sag!
1075 3417 1166 3474 ὃόπδ

156 3490 245 3559 Wolf:
265 3485 354 3546 ἐπῖδ
391 3493 400 3560 n
438 3487 689 3560 9προσπλάσομεν
707 3487 740 3544 S:
763 3505 831 3544 σοιν.
851 3488 883 3550 δε
921 3492 931 3556 ΙΙ
967 3494 1001 3544 2⁶

152 3559 183 3623 δ’
211 3564 221 3632 Ι
252 3560 380 3632 dmm
399 3560 432 3617 ἃ·
450 3559 589 3632 ὖμθίῶμέν
608 3560 658 3626 δὴ·
677 3558 861 3629 δμοιαδῶμεν
882 3558 980 3616 (ἕστατε
1043 3489 1095 3562 σε)
1115 3487 1166 3545 οὖν
