2650 3930
115 199 159 256 (Π,
174 198 299 257 11,8-18)
399 193 552 246 Βιειτου
568 192 770 247 Δευτεεοα.
795 192 845 246 ιε’.
1066 191 1129 255 141

115 351 390 436 θυμούμενον·
419 347 490 418 εἶτα
516 357 610 419 ποῖοί
629 376 717 431 τινες
738 355 832 420 εἰσίν.
878 345 958 420 οἷοι
989 354 1061 439 γαρ
1085 353 1132 419 ἂν
1152 369 1185 418 12

116 457 267 523 ἐκεῖνοι
298 459 508 545 εὑρεθῶσι,
540 460 608 525 τὸν
638 459 808 538 ἐκείνοις
840 457 1034 546 ἀρέσαντα
1066 459 1132 527 καλ

115 568 440 650 πεισθησόμενον
467 564 617 651 ἀνάγκη
645 572 862 652 πειρᾶσθαι
888 567 983 631 κατὰ
1011 567 1132 633 δύνα-

116 695 185 755 μιν
203 669 489 756 ἐξομοιοῦσθαι
507 671 687 750 ἐκείνοις·
706 674 739 738 εί
754 675 872 739 πιστόν
887 671 1007 738 ἔστιτὸ
1021 679 1130 757 θεῖον,
1151 687 1183 736 13

88 775 173 842 ικαὶ
203 786 324 844 τοῦτον
356 773 444 843 εἶναι
469 781 600 844 πιστόν·
633 781 665 844 εί
695 778 891 865 ἐλεύθερον,
922 776 978 845 καλ
1008 787 1131 845 τοῦτον

116 881 313 968 ἐλεύθερον·
338 885 369 948 εί
390 883 611 970 εὐεργετικόν,
633 883 699 951 καὶ·
711 894 832 952 τοῦτον
854 885 1076 971 εὐεργετικόν·
1101 886 1133 949 εί

116 991 342 1075 μεγαλόφρον,
365 986 420 1055 καὶ
438 998 559 1056 τοῦτον
577 994 825 1077 μεγαλόφρονα·
837 992 996 1082 ῥςθεοῦ
1014 993 1131 1056 τοίνυν
1154 1071 1162 1080 „

117 1096 266 1180 ζηλωτήν
287 1097 329 1161 τὰ
352 1094 425 1179 ἑξής
446 1096 554 1162 πάντα
576 1096 631 1163 καὶ
653 1108 765 1164 ποιεῖν
785 1095 841 1163 καί
863 1095 983 1181 λέγειν.

127 1181 304 1267 ’Ἦλθεν
327 1196 390 1268 οὖν
412 1203 578 1288 ἄρξασθαι
607 1205 672 1290 δεῖς
701 1241 739 1250 -
762 1201 822 1269 ’Ἀν
850 1209 1038 1288 συγκαθής,
1065 1202 1130 1288 ἐρῶ
1150 1218 1184 1267 14

75 1329 102 1368 ιο
117 1325 172 1373 σοι
190 1307 242 1373 ὅτι
259 1318 392 1393 πρῶτον
411 1310 517 1374 δεῖσε
540 1319 610 1387 τοῖς
630 1310 770 1395 ὀνόμασι
788 1316 1066 1396 παρακολουθεῖν.
1085 1347 1130 1356 —-

106 1411 201 1478 Ὥστ’
223 1411 288 1497 ἐγὼ
310 1424 376 1480 νῦν
399 1413 440 1479 οὐ
463 1419 707 1499 παρακολουθῶ
729 1427 800 1493 τοῖς
818 1415 995 1501 ὀνόμασιν;
1016 1453 1058 1464 -
1079 1415 1130 1480 Οὐ
1149 1431 1183 1481 15

116 1525 391 1606 παρακολουθεῖς.
414 1557 451 1567 -
472 1525 553 1596 Πῶς
576 1514 638 1586 οὖν
656 1532 784 1607 χρῶμαι
807 1521 933 1601 αὐτοῖς;
955 1559 992 1568 -
1016 1521 1131 1598 Οὕτως

117 1626 204 1710 (ὡς)
223 1626 258 1691 οί
278 1623 486 1711 ἀγράμματοι
507 1637 579 1703 ταῖς
601 1623 841 1711 ἐγγραμμοίτοις
863 1623 1001 1712 φαναῖς,
1017 1619 1069 1704 ,ὧς
1089 1628 1130 1692 τὰ

115 1735 219 1816 κτήνη
246 1743 319 1809 ταῖς
345 1735 554 1817 φαντασίαις·
584 1732 666 1798 ἄλλο
696 1731 759 1818 γάρ
788 1731 857 1798 ἐστι
884 1743 1015 1819 χρῆσις,
1047 1733 1129 1798 ἄλλο

75 1857 102 1899 ιε
115 1839 417 1924 παρακολούθησις.
467 1839 499 1902 εί
525 1834 555 1902 ‹1’
587 1844 649 1904 οίει
680 1843 967 1924 παρακολουθεῖν,
999 1836 1079 1923 φέρε
1111 1836 1184 1905 διο
1274 1881 1276 1886 -

114 1943 227 2021 θέλεις
250 1945 356 2028 ὄνομα
378 1945 433 2008 καί
455 1935 689 2029 βασανίσωμεν
712 1944 844 2028 αὑτούς,
872 1945 904 2010 εί
923 1949 1130 2030 παρακολου-

114 2056 256 2135 θοῦμεν.
277 2059 323 2096 -“
333 2045 419 2115 Ἀλλ’
441 2047 582 2135 ἀνιαρὸν
598 2052 636 2116 τὸ
656 2048 884 2137 ἐξελέγχεσθαι
902 2051 1128 2137 πρεσβύτερον
1149 2067 1181 2118 17

63 2199 66 2204 -
115 2157 299 2242 ἄνθρωπον
330 2155 394 2240 ήδη
426 2154 490 2220 κᾶν
522 2155 609 2222 οὕτω
641 2158 723 2243 τύχη
755 2158 813 2234 τὰς
834 2168 927 2242 ,τρεῖς
957 2161 1129 2241 στρατείας

115 2259 384 2349 ἐστρατευμένον.
405 2299 444 2310 -
467 2257 552 2327 Οἶδα
575 2262 675 2346 κάγώ.
720 2272 785 2328 νῦν
807 2263 871 2345 γὰρ
895 2266 936 2328 σὺ
961 2263 1128 2347 ἐλήλυθας
1149 2280 1182 2330 18

74 2371 198 2454 εοπρὸς
221 2365 277 2453 ἐμὲ
300 2369 346 2445 ὡς
367 2370 510 2453 μηθενὸς
532 2370 698 2453 δεόμενος.
744 2372 835 2445 τίνος
853 2366 884 2432 δ’
905 2368 948 2434 ὀλν
970 2367 1026 2434 καὶ
1043 2393 1128 2455 φαν-

115 2477 272 2559 τασθείης
294 2474 339 2550 ὡς
369 2471 555 2552 ἐνδέοντοςς
590 2479 756 2556 πλουτεῖς,
783 2471 882 2539 τέκνα
911 2475 995 2559 ἔχεις
1026 2475 1128 2560 τυχὸν

113 2579 170 2646 καλ
193 2589 336 2663 γυναῖκα
358 2575 413 2644 καὶ
436 2578 564 2657 οἰκέτας
585 2579 742 2663 πολλούς,
769 2578 787 2645 ὁ
810 2578 941 2664 Καῖσάρ
964 2594 1001 2644 σε
1024 2575 1128 2662 οἶδεν,

115 2686 152 2752 ἐν
166 2684 273 2772 Ῥώμη
291 2688 437 2762 πολλοὺς
454 2689 573 2770 φίλους
594 2683 760 2770 κέκτησαι,
782 2685 822 2750 τὰ
840 2687 1030 2768 καθήκοντα
1047 2684 1128 2751 ἀπο-

187 2907 275 2983 lsqq.
293 2912 329 2969 of.
348 2913 441 2970 Laert.
459 2911 541 2984 Diog.
556 2912 603 2982 111,
619 2919 665 2968 78:
688 2909 766 2975 τέλος
783 2910 834 2983 μὲν
854 2909 928 2968 εἶναι
946 2912 999 2982 τήν
1018 2907 1128 2984 ἐξομοί-

114 3003 182 3041 ωσιν
200 2989 238 3040 τῶ
258 2986 325 3056 θεῷ;
345 2983 423 3040 Stob.
442 2983 634 3053 ecl.11‚1,³¹=
651 2983 770 3053 σαφέστε
789 3003 822 3038 ον
837 2979 865 3038 θ’
882 2983 950 3038 αὐτὸ
965 2982 1126 3055 θιήρθροσε

9 3091 10 3100 ι
112 3039 234 3111 Πλάτων
261 3053 398 3126 προσθεὶς
424 3054 455 3109 τὸ
486 3053 569 3109 ’κατὰ
592 3054 741 3125 δίναμιν’;
769 3004 870 3109 §extus
897 3059 958 3125 (381
971 3053 1026 3122 Θήε
1053 3059 1127 3130 Τιμᾷ

112 3127 186 3183 θεὸν
214 3125 314 3197 ἄριστα
337 3124 353 3180 ὁ
380 3125 431 3195 τὴν
459 3119 561 3181 ἑαυτοῦ
585 3125 717 3180 διάνοιαν
740 3119 908 3195 ἐξομοιώσεις
934 3131 972 3198 τῷ
999 3129 1059 3198 θεῷ
1083 3124 1124 3189 εἰς

113 3198 237 3268 δύναμιν
257 3195 362 3268 (similo
386 3195 455 3266 quid
473 3197 566 3252 exstat
583 3202 618 3251 45
629 3196 685 3268 G.);
709 3195 855 3251 Musonius
874 3197 950 3266 apud
969 3196 1051 3252 1101.-
1066 3196 1125 3254 flor.

113 3398 328 3408 ---———

185 3487 220 3536 13
239 3457 388 3554 (ὡςγίκε.
408 3479 438 3540 Βε
467 3480 477 3548 ss
509 3484 542 3534 16
560 3495 642 3550 ειιγττ
660 3478 749 3550 ὄνομα
768 3479 797 3540 S„
813 3479 925 3550 scripsit
942 3478 1056 3547 ἀγαθὸν
1075 3497 1127 3533 κοι-

113 3552 179 3620 κὸν;
198 3553 234 3621 τί.
252 3567 274 3608 ε.
289 3557 326 3608 19
356 3553 367 3620 Ι
398 3549 501 3613 αὐτούς
518 3550 550 3607 S:
569 3567 670 3607 eorm
699 3554 709 3622 ΙΙ
742 3554 775 3605 18
795 3549 925 3621 στρατιὰς
942 3548 975 3605 S:
993 3565 1090 3606 eorm

912 3636 966 3692 10*
