2626 3924
127 191 179 248 (w,
192 195 212 247 ι,
227 188 317 241 ιιι-ιε)
425 180 579 233 Rumon
596 179 794 235 Τευεεοοα,
814 175 853 235 ε’.
1078 181 1145 246 353

125 342 271 430 γράφειν
297 338 353 406 καὶ
381 339 523 407 ἀκούειν.
575 341 630 405 διδ
662 349 759 407 τοῦτο
787 341 828 407 οὐ
861 341 1006 426 δύναμαι
1038 343 1144 408 εἰπεῖν
1162 360 1198 409 41

125 451 326 533 φιλόπονον,
350 447 393 513 ἀν
417 447 548 513 ἀκούσω
571 455 669 512 τοῦτο
692 449 809 532 μόνον,
832 446 883 512 ὅτι
903 446 1145 531 ἀναγιγνώσκει

126 553 148 638 ἢ
171 555 303 640 γράφει,
327 553 391 619 κάν
413 559 546 640 προσθῇ
565 576 626 637 τις,
649 552 700 617 ὅτι
724 553 802 629 ὅλας
823 553 881 630 τάς
898 554 1030 638 νύκτας,
1051 555 1145 620 οόπω

127 658 225 744 λέγω,
248 659 291 726 δν
314 661 358 745 μὴ
382 671 451 743 γνῶ
473 660 535 743 τὴν
559 658 741 745 ἀναφοράν.
787 654 868 723 οὐδὲ
891 659 953 746 γάρ
978 662 1019 724 σὺ
1039 659 1147 744 λέγεις

97 769 315 851 εφιλόπονον
352 767 411 832 τὸν
449 766 505 830 διὰ
541 765 776 849 παιδισκάριον
812 763 1061 849 ἀγρυπνοῦντα·
1103 766 1145 831 οὐ

127 874 244 937 τοίνυν
263 865 336 938 οὐδ’
358 869 433 955 ἐγώ.
471 868 542 936 ἀλλ’
566 870 625 936 ίδν
643 867 705 956 μὲν
724 869 819 936 ἕνεκα
838 869 935 955 δόξῃς
953 871 1035 936 αὐτὸ
1053 880 1144 957 ποιῇ,
1162 888 1198 937 42

127 974 214 1059 λέγω
232 975 424 1061 φιλόδοξον,
443 975 485 1042 ἀν
504 973 536 1041 δ’
559 975 655 1042 ἕνεκα
673 976 853 1062 ἀργυρίου,
864 976 1083 1062 φιλάργυρον,
1103 977 1144 1043 οὐ

128 1085 324 1167 φιλόπονον.
370 1083 412 1148 ἀν
443 1081 474 1147 δ’
502 1080 556 1148 ἐπὶ
583 1085 620 1149 τὸ
649 1084 738 1148 ἴδιον
765 1083 966 1167 ἡγεμονικὸν
994 1080 1144 1170 ἀναφέρῃ
1162 1097 1219 1148 43·

128 1190 188 1254 τὸν
214 1192 335 1273 πόνον,
368 1185 411 1254 ἵν’
445 1187 552 1256 ἐκεῖνο
584 1190 667 1255 κατὰ
698 1189 803 1274 φύσιν
831 1191 888 1276 ἔχῃ
914 1186 970 1254 καὶ
998 1187 1145 1276 διεξάγῃ,

87 1317 115 1357 ιο
128 1297 201 1360 τότε
224 1292 309 1378 λέγω
333 1298 439 1379 μόνον
465 1299 662 1380 φιλόπονον.
707 1292 870 1380 μηδέποτε
898 1295 961 1380 γάρ
989 1292 1053 1360 ἀπὸ
1077 1305 1144 1360 τῶν
1162 1311 1199 1359 44

127 1411 252 1466 κοινῶν
275 1397 347 1484 μήτ’
376 1399 537 1467 ἐπαινεῖτε
561 1403 641 1486 μήτε
663 1399 795 1484 ψέγετε,
826 1400 909 1466 ἀλλά
932 1399 997 1465 ἀπὸ
1021 1400 1145 1485 δογμά-

129 1526 205 1570 των.
255 1515 356 1572 ταῦτα
387 1507 450 1592 γάρ
480 1506 549 1572 ἐστι
575 1508 615 1571 τὰ
644 1508 713 1572 ἴδια
741 1503 897 1590 ἑκάστου,
928 1506 968 1570 τδ
1000 1503 1055 1571 καὶ
1086 1507 1146 1583 τάς

128 1610 263 1696 πράξεις
280 1613 417 1698 αίσχράς
435 1612 455 1697 ἢ
474 1613 577 1690 καλάς
593 1621 768 1679 ποιοῦντα·
792 1614 920 1678 τούτων
938 1609 1145 1696 μεμνημένος
1163 1628 1200 1677 45

128 1728 222 1804 ῃαῖρε
244 1727 314 1794 τοῖς
334 1728 479 1804 παροῦσι
501 1716 557 1784 καὶ
579 1717 690 1802 ἀγάπα
708 1727 822 1803 ταῦτα,
846 1713 892 1782 ὧν
911 1720 1026 1802 καιρός
1044 1714 1144 1781 ἐστιν.

88 1845 115 1886 ιε
129 1829 164 1888 εί
182 1846 257 1889 τινα
280 1824 372 1911 ὁρᾷς,
395 1818 443 1890 ὧν
461 1827 583 1910 ἔμαθες
603 1823 658 1890 καὶ
678 1822 852 1907 διεσκὲψοι,
876 1821 1072 1888 ἀπαυτῶντά
1091 1837 1145 1887 σοι
1163 1839 1200 1888 4ο

129 1930 178 2005 είς
204 1930 243 1994 τὰ
271 1931 366 2015 ἔργα,
397 1931 581 2016 εὐφραίνου
609 1929 659 1997 ἐπ’
692 1931 813 2008 αὐτοῖς.
852 1930 890 1995 ἐί
915 1930 953 1994 τὸ
982 1931 1146 2012 κακόηθες

129 2032 185 2100 καὶ
225 2037 383 2123 λοίδορον
420 2034 645 2121 ἀποτέθεισαι,
687 2039 885 2121 μεμείοικας,
925 2035 957 2099 εί
990 2036 1028 2100 τὸ
1064 2055 1147 2122 προ-

128 2138 237 2225 πετίς,
269 2143 301 2206 εί
325 2143 363 2207 τὸ
391 2144 627 2229 αίσῃρολόγον,
659 2143 691 2206 εί
716 2143 754 2207 τὸ
781 2142 924 2225 είκαϊον,
956 2142 989 2206 εί
1016 2142 1052 2206 τὸ
1077 2138 1147 2205 ἐπι-

131 2245 347 2334 σεσυρμένον,
365 2248 398 2312 εί
414 2247 455 2312 οὐ
473 2255 549 2332 κινῇ
570 2244 621 2333 ἐφ’
639 2238 690 2324 οἷς
706 2250 881 2335 πρότερον,
899 2247 931 2312 εί
943 2246 1004 2332 οὐχ
1024 2247 1146 2330 ὁμοίως

88 2377 117 2417 εο
130 2349 162 2436 γ’
190 2353 235 2429 ὡς
265 2355 447 2438 πρότερον,
474 2349 592 2440 ἑορτὴν
620 2353 714 2435 ἄγειν
738 2354 880 2418 δύνασαι
902 2349 979 2417 καθ’
1006 2349 1146 2437 ἡμέραν,

131 2459 292 2544 σήμερον,
325 2457 376 2522 ὅτι
407 2461 515 2534 καλῶς
546 2455 753 2543 ἀνεστράφῃς
783 2454 820 2520 ἐν
852 2456 937 2543 τῷδε
969 2463 1014 2542 τῷ
1049 2458 1145 2544 ἔργῳ,

131 2564 267 2649 αὔριον,
295 2564 344 2628 ὅτι
371 2561 409 2628 ἐν
437 2560 546 2652 ἑτέρῳ.
591 2564 684 2651 πόσφ
711 2564 831 2646 μείζων
858 2561 946 2627 αίτία
974 2562 1096 2638 θυσίας
1123 2560 1199 2644 ἢ47

131 2669 270 2734 ὑπατεία
297 2668 317 2752 ἢ
346 2667 497 2756 ἐπαρχίας
526 2677 628 2734 ταῦτα
656 2666 693 2732 ίκ
720 2677 782 2733 σοῦ
810 2666 914 2732 αὐτοῦ
941 2668 1071 2750 γίνεταί
1091 2682 1145 2732 σοι

131 2772 188 2840 καὶ
210 2774 274 2842 ἀπὸ
297 2785 364 2841 τῶν
381 2782 483 2840 θεῶν.
528 2772 635 2840 ἐκεῖνο
654 2772 813 2859 μίμνῃσο,
835 2776 884 2850 τίς
905 2773 922 2838 ὁ
942 2773 1058 2850 διδούς
1076 2771 1145 2838 ἐστι

93 2902 119 2944 ει
133 2878 188 2945 καλ
214 2883 280 2946 τίσι
307 2878 362 2946 καὶ
390 2882 445 2946 διὰ
468 2882 549 2945 τίνα.
595 2881 725 2958 τούτοις
747 2891 815 2957 τοϊς
838 2881 1067 2964 διαλογισμοῖς
1089 2876 1143 2943 ἐν·
1161 2895 1197 2945 48

133 2989 333 3072 τρεφόμενος
355 2988 403 3052 ἔτι
426 2984 581 3074 διαφέρῃ,
611 2994 677 3053 ποῦ
705 2986 752 3051 ὢν
782 2985 1049 3070 εὐδαιμονήσεις,
1078 2993 1146 3051 ποῦ
1246 3009 1308 3210 Ὗ

133 3147 348 3157 m·—

207 3255 223 3304 8
240 3251 273 3304 ίκ
290 3252 414 3321 ἀκοσμίαν
432 3249 463 3310 δι
482 3250 548 3304 haec
570 3249 731 3318 adscripsit:
754 3246 790 3302 ἀν
814 3246 845 3301 δὲ
864 3245 904 3300 δι’
926 3242 1083 3318 ἐπιθυμίαν
1101 3245 1149 3301 λό-
1307 3241 1308 3274 ¹

133 3340 194 3390 γον,
214 3318 372 3410 φιλόλογον,
391 3338 460 3392 φατι
477 3326 568 3390 εγοεδ
582 3317 738 3388 φιλόπονον
751 3320 805 3373 ins.
828 3320 838 3388 ΙΙ
862 3324 894 3373 17
913 3316 973 3392 (ἢ)
991 3320 1148 3389 μεμείοκας

140 3392 220 3458 Wolf
254 3394 265 3462 λ
304 3392 392 3461 ηοόχ
410 3390 512 3462 ὁμοίως
532 3391 629 3447 Coraca
668 3392 679 3460 λ
719 3395 754 3445 22
768 3395 833 3459 poet
854 3387 931 3462 πόσῳ
955 3390 985 3451 δι
1005 3393 1038 3445 ιἰι
1060 3407 1146 3459 καις.

134 3463 224 3517 πότον.
242 3470 344 3529 ταῦτα,
366 3463 413 3518 sed
430 3479 528 3518 τανικε
545 3463 643 3518 delevit
677 3464 687 3532 11
722 3463 817 3531 μεῖζον
844 3460 878 3517 S.-
900 3477 968 3517 ιονν.
994 3461 1024 3522 δι
1062 3463 1072 3530 ΙΙ
1112 3465 1148 3514 23

134 3533 240 3586 όπατίιι
258 3532 291 3588 S:
309 3549 378 3588 corr.
397 3551 431 3589 m.
446 3549 492 3604 pr.
511 3534 553 3589 ντί
570 3532 602 3594 δι

188 3629 331 3674 Εειοτιπνε.
951 3626 985 3675 23
