2630 3928
180 201 222 266 38
322 203 505 258 APPIANOT
524 203 598 256 ΤΩΝ
617 199 835 255 ΕΠΙΚΤΗΤΟΤ
853 202 1049 255 ΔΙΑΤΡΙΒΩΝ

179 366 440 449 παρερχόμενος,
468 361 523 428 καὶ
551 366 657 429 εἰπεῖν
685 365 735 428 ότι
765 364 868 452 ξπόσςο
895 373 958 430 σού
982 362 1045 447 ἐγὼ
1069 365 1195 447 κομψό-

179 492 272 554 τερος
295 469 411 552 μύντις
434 467 530 553 είμίς’

144 593 158 641 7
250 578 292 640 Τί
321 569 397 653 οὖνς
431 573 496 658 ἐγὼ
525 572 626 659 λέγω,
659 575 710 640 ὅτι
738 577 906 661 ἄπρακτόν
933 575 1000 641 ἐστι
1020 577 1065 640 «τὸ
1095 577 1193 661 ζῷονς

178 684 223 767 μὴ
247 679 386 765 γένοιτο.
431 680 515 747 ἀλλὰ
543 683 599 746 aa&
626 685 661 747 τί
687 681 782 765 ἡμεῖς
800 681 861 748 οὐκ
884 679 982 767 ἐσμὲν
1006 685 1193 767 πρακτικοίς
1305 755 1306 758 ς

143 805 158 854 8
178 789 282 865 εὐθὺς
305 787 369 870 ε’μὼ
392 799 533 873 πρῶτος,
558 789 637 853 ὅταν
659 785 765 873 ἡμέρα
789 785 933 872 γένηται,
956 788 1057 874 μικρὰ
1076 787 1196 872 ὑπομι-
1225 811 1240 852 5

178 891 384 980 μνῄσκομαι,
421 897 496 960 τίνα
529 893 763 978 ἐπαναμνῶναί
792 918 831 979 με
869 895 929 959 δεῖ.
984 890 1054 960 εἶτα
1090 895 1196 971 εὐθὺς

178 998 321 1089 ἐμαυτῷ·
351 1004 386 1067 τί
413 999 454 1066 δέ
481 1025 537 1085 μοι
568 998 621 1066 καὶ
652 998 744 1084 μέλει
771 1011 841 1078 πῶς
871 1002 888 1068 ὁ
917 1002 1011 1066 δεῖνα
1040 1001 1194 1089 ἀναγνῷς

144 1124 159 1172 9
178 1112 310 1193 πρῶτόν
334 1105 435 1191 ἐστιν,
457 1109 522 1173 ἵνα
539 1105 603 1191 ἐγὼ
626 1114 788 1192 κοιμηθῖι.
833 1110 892 1172 καί
906 1131 957 1173 τοι
980 1111 1015 1174 τί
1035 1108 1134 1192 ὅμοια
1152 1109 1194 1173 τὰ

179 1213 316 1279 ἐκείνων
330 1214 504 1300 πράγματα
518 1224 586 1290 τοῖς
599 1210 784 1298 ἡμετέροιςς
804 1212 847 1279 ἂν
861 1212 1011 1300 ἐπιστῆτε
1026 1218 1060 1279 τί
1072 1213 1194 1279 ἐκεῖνοι

177 1330 344 1403 ποιοῦσιν,
362 1322 578 1403 αίσθὴσεσθε.
610 1322 645 1384 τί
661 1320 723 1402 γὰρ
743 1321 824 1385 ἄλλο
843 1319 863 1404 ἡ
887 1319 970 1405 ὅλην
990 1322 1051 1405 τὴν
1066 1318 1194 1406 ἡμέραν
1209 1344 1239 1382 ιο

176 1428 391 1511 ψηφίζουσιν,
419 1427 611 1508 συζὴτοῦσι,
640 1425 909 1508 συμβουλεύουσι
931 1423 1007 1508 περὶ
1031 1429 1194 1511 σιταρίου,

126 1549 159 1598 10
177 1529 253 1616 περὶ
274 1530 440 1615 ἀγριθίου,
463 1534 543 1615 περί
557 1554 659 1596 τινων
677 1542 856 1618 προκοπῶν
874 1533 1048 1611 τοιούτους
1073 1533 1193 1616 ὅμοιον

177 1632 240 1704 οὖν
264 1636 354 1703 ἐστιν
377 1635 579 1714 ἐντευξίὸιον
601 1639 691 1723 παροί
717 1661 808 1716 τινος
835 1640 980 1722 λαβόντα
1007 1637 1194 1722 ἀναγιγνώ-

177 1760 269 1810 σκειν
295 1744 484 1829 παρακαλῶ
509 1761 545 1808 σε
571 1742 741 1828 ἐπιτρέψαι
760 1768 817 1827 μοι
837 1744 986 1826 σιτάριον
1005 1742 1192 1827 ίξαγαγεῖν’

176 1848 196 1932 ἡ
235 1845 423 1934 επαρακαλῶ
453 1864 488 1913 σε
522 1851 610 1934 παρὰ
639 1853 836 1935 Χρυσίππου
868 1847 1110 1929 ἐπισκέψασθαι
1142 1854 1194 1928 τίς
1210 1875 1237 1914 15

136 1973 140 1977 '
177 1955 268 2020 ε’στιν
296 1953 316 2037 ἡ
344 1964 405 2020 τοῦ
432 1957 561 2038 κόσμου
590 1957 752 2039 διοίκησις
781 1954 836 2021 καὶ
859 1958 958 2049 ποίαν
981 1958 1056 2020 τινὰ
1078 1958 1194 2041 χώραν

178 2059 214 2124 ἐν
243 2059 330 2148 αὐτῷ
360 2061 426 2143 ἔχει
449 2061 486 2125 τὸ
515 2062 650 2144 λογικὸν
675 2065 769 2148 ζῷον·
799 2059 973 2140 ἐπίσκεψαι
1001 2057 1037 2126 δὲ
1065 2059 1119 2126 καὶ
1144 2067 1195 2139 τίς

177 2161 209 2231 εἶ
237 2169 279 2231 σὺ
313 2163 368 2231 καὶ
397 2168 497 2232 ποῖόν
524 2190 555 2231 τι
588 2176 650 2233 σοῦ
680 2169 718 2233 τὸ
750 2167 881 2251 ἀγαθὸν
915 2164 971 2232 καὶ
1003 2169 1039 2233 τὸ
1068 2168 1195 2234 κανόν’

126 2291 158 2339 11
177 2282 279 2338 ταῦτα
294 2271 433 2350 ἐκείνοις
453 2273 551 2356 ὅμοιοί
566 2272 670 2352 ἐστινς
689 2270 761 2339 ἀλλ’
779 2274 894 2358 ὁμοίας
912 2275 1060 2356 σπουόὴς
1077 2279 1195 2361 χρείαν

178 2381 308 2466 ἔχοντας
340 2375 411 2444 ἀλλ’
439 2379 596 2456 ὡσαύτως
618 2379 752 2465 ἀμελεῖν
777 2382 913 2466 αἰσχρὸν
936 2383 1063 2446 τούτων
1087 2382 1195 2448 κᾶκεί-
1208 2409 1237 2447 εο

127 2504 158 2552 12
178 2510 263 2565 νωνς
287 2489 322 2552 τί
338 2481 414 2564 οὖνς
434 2487 527 2571 ἡμεῖς
545 2490 642 2572 μόνοι
662 2486 881 2574 όμθυμοῦμεν
899 2484 954 2552 καὶ
972 2487 1193 2572 νυστοίζομενς

126 2610 159 2660 13
178 2593 232 2658 ού·
261 2593 345 2658 ἀλλὰ
371 2596 457 2660 πολὺ
485 2598 647 2680 πρότερον
670 2593 765 2678 ὑμεῖς
788 2593 823 2658 οί
842 2590 923 2658 νέοι.
969 2593 1043 2659 ἐπεί
1062 2616 1114 2659 τοι
1137 2593 1195 2660 καὶ
1307 2601 1308 2628 ³

177 2698 271 2783 ἡμεῖς
294 2700 330 2764 οί
349 2697 513 2785 γέροντες,
537 2700 616 2765 ὅταν
634 2703 809 2778 παίζοντας
830 2699 959 2782 ὁρῶμεν
977 2702 1087 2784 νέους,
1112 2719 1195 2785 σνμ-
1307 2737 1308 2746 ¹

177 2806 445 2889 προθυμούμεθα
468 2804 523 2870 καὶ
547 2805 642 2872 αὐτοὶ
665 2810 868 2892 συμπαίζειν.
910 2809 996 2872 πολὺ
1021 2803 1058 2871 δὲ
1079 2805 1195 2892 πλέον,

178 2912 210 2975 εί
250 2906 364 2994 ἑώρων
406 2909 680 2996 ὃιεγηγερμένους
721 2909 775 2975 καὶ
812 2911 1194 2998 συμπροθυμουμένους,
1208 2940 1236 2980 25

176 3017 440 3101 προεθυμούμὴν
463 3015 505 3082 ἂν
529 3018 770 3095 συσπουδάζειν
793 3017 849 3083 καὶ
871 3017 981 3095 αὐτός.

252 3215 282 3262 17
308 3209 388 3263 αὐτοι
412 3207 434 3262 S
456 3209 501 3275 (όι
523 3216 636 3264 accentu
657 3226 714 3264 κου
739 3216 868 3275 constan:
897 3210 972 3264 αὐτῶ
1002 3210 1064 3279 Upt.
1089 3227 1102 3264 e
1125 3213 1192 3279 οοό,

178 3280 281 3350 αότὴε
307 3281 316 3350 ΙΙ
345 3285 377 3334 19
396 3279 495 3348 ὁμοίας
513 3279 560 3342 δας
579 3279 703 3349 όμοιαδ
732 3280 741 3349 ΙΙ
773 3287 806 3333 22
827 3275 917 3335 ἐπίτοι
936 3264 969 3336 S
987 3298 1086 3336 εοεαε
1117 3283 1127 3350 ΙΙ
1158 3288 1193 3336 25

178 3348 439 3420 προθυμουμένους,
459 3351 735 3421 συμπροεθυμούμην
754 3351 838 3406 Schw.
