2626 3924
197 239 263 305 310
343 239 526 293 APPIANOT
545 239 618 292 ΤΩΝ
637 239 854 291 ΕΠΙΚΤΗΤΟΤ
872 239 1066 292 ΔΙΑΊῬΙΒΩΝ

196 401 216 484 ἢ
239 403 299 467 τὸν
321 396 493 484 μέδιμνον.
530 399 549 482 ἢ
574 399 669 486 μέχρι
688 402 778 476 τίνος
795 402 968 486 μετρήσεις
987 402 1049 484 τὴν
1068 401 1213 479 σποδύν;

144 527 176 576 18
196 506 238 572 οὐ
264 506 366 572 ταῦτά
394 523 430 571 σε
458 504 691 571 ἀποδεικνύειν
720 507 786 589 δεῖ,
818 505 838 570 δ
865 517 957 571 ποιεῖ
976 508 1055 582 τοὺς
1079 505 1215 592 ἀνθρώ-

195 635 279 690 πους
306 612 521 697 εὐδαίμονας,
549 611 570 678 δ
596 623 688 678 ποιεῖ
712 623 900 698 προχωρεῖν
927 612 1039 689 αὐτοῖς
1067 613 1107 677 τά
1130 611 1215 698 πρά-

196 743 302 803 γματα
330 720 374 796 ὡς
400 717 577 802 θέλουσιν,
607 716 649 783 δι’
678 718 699 782 δ
728 718 769 784 οὐ
797 719 851 783 δεῖ
871 715 1061 802 μέμφεσθαι
1084 717 1214 802 οὐδενί,

196 824 346 908 ἐγκαλεῖν
375 826 503 908 οὐδενί,
535 827 717 890 πείθεσθαι
749 833 788 910 τῇ
817 825 978 908 διοικήσει
1006 837 1073 890 τῶν
1107 825 1211 904 ὅλων;
1237 852 1247 891 5

143 953 176 1002 19
195 933 298 998 ταῦτά
320 956 377 1016 μοι
401 933 541 997 δείκνυε.
588 930 676 996 ξίδοὺ
700 929 866 1014 δεικνύω’,
893 935 1014 1016 φησίν,
1042 930 1212 998 “ἀυαλύσω

195 1057 249 1106 σοι
278 1037 541 1124 συλλογισμούς’.
587 1047 685 1104 τοῦτο
712 1041 750 1103 τὸ
781 1047 924 1123 μετροῦν
954 1036 1060 1120 ἐστιν,
1088 1036 1214 1124 ἀνδρά-

143 1165 177 1214 20
195 1146 316 1210 ποδον·
343 1146 380 1209 τὸ
408 1145 634 1229 μετρούμενον
662 1139 693 1207 δ’
726 1141 787 1208 οὐκ
817 1145 895 1208 ἔστι.
942 1143 998 1207 διδι
1020 1153 1125 1208 ταῦτα
1147 1153 1213 1211 νῦν

195 1252 296 1326 τίνεις
319 1251 412 1326 δίκας
435 1243 482 1313 ὧν
505 1247 671 1333 ἠμέλησας
695 1252 909 1333 φιλοσοφίας·
937 1247 1081 1336 τρέμεις,
1110 1249 1213 1336 ἀγρυ-

195 1367 304 1438 πνεῖς,
332 1356 412 1439 μετά
434 1355 568 1420 πάντων
591 1355 750 1441 βουλεύη·
778 1354 841 1420 κάν
865 1357 909 1439 μὴ
932 1364 1034 1421 πᾶσιν
1057 1354 1213 1440 ἀρέσκειν
1226 1384 1247 1422 ω

196 1460 299 1548 μέλλη
321 1463 361 1527 τά
383 1462 603 1545 βουλεύματα,
626 1471 733 1538 κακῶς
756 1467 819 1526 οίει
841 1465 1096 1546 βεβουλεῦσθαι.

143 1589 176 1638 21
263 1564 347 1634 Εἶτα
365 1572 453 1654 φοβῇ
473 1571 584 1652 λιμόν,
603 1567 648 1645 ὡς
667 1569 784 1645 δοκεῖς.
822 1570 864 1633 σὺ
884 1566 914 1633 δ’
934 1568 974 1634 οὐ
994 1571 1092 1653 λιμὸν
1111 1574 1213 1655 φοβῇ,

196 1675 279 1741 ἀλλά
303 1673 457 1751 δέδοικας
480 1675 524 1759 μὴ
549 1674 590 1739 ού
614 1682 694 1759 σχῇς
716 1675 888 1761 μάγειρον,
918 1676 962 1759 μὴ
986 1674 1028 1740 ού
1052 1685 1133 1760 σχῇς
1155 1678 1213 1741 άλ-

196 1788 257 1849 λον
280 1783 469 1865 ὀύωνητήν,
492 1782 596 1846 ἀλλον
618 1782 678 1845 τὸν
701 1779 923 1864 ὑποδησοντα,
949 1781 1053 1846 ἀλλον
1075 1783 1136 1846 τὸν
1161 1781 1212 1847 ε’ν-

197 1890 353 1970 δύσοντα,
376 1889 498 1963 ἀλλους
520 1889 598 1962 τοὺς
619 1887 810 1971 τρίβοντας,
831 1888 954 1964 άλλους
972 1890 1050 1963 τοὺς
1071 1885 1212 1954 ἀκολου·
1225 1912 1246 1954 15
1292 1859 1293 1948 ἀ

143 2015 177 2063 22
197 1993 377 2073 θύσοντας,
395 1989 439 2055 ἵν’
457 1991 494 2055 έν
508 2001 553 2078 τῷ
573 1995 737 2081 βαλανείῳ
756 1992 978 2077 ἐκδυσάμενος
991 1991 1045 2057 καί
1065 1992 1213 2071 ἐκτείνας

197 2099 338 2162 σεαυτὸν
365 2097 409 2173 ὡς
438 2099 473 2162 οί
498 2097 741 2183 ἐσταυρωμένοι
769 2102 865 2186 τρίβη
894 2101 995 2165 ἔνθεν
1018 2098 1073 2164 καὶ
1097 2102 1212 2184 ἔνθεν,

197 2197 262 2267 εἶθ’
289 2203 307 2268 ὁ
331 2201 639 2288 ἀλείπτηςέπιστδς
662 2203 741 2291 λέγη
766 2205 951 2290 μετάβηθι,
975 2207 1033 2282 δὸς
1051 2210 1212 2293 πλευρόν,
1292 2247 1293 2302 χ

196 2310 345 2394 κεφαλὴν
368 2310 471 2376 αὐτοῦ
495 2311 590 2396 λάβε,
619 2312 769 2397 παράθες
791 2314 850 2378 τὸν
874 2307 989 2397 ὦμον’,
1013 2308 1071 2377 εἶτ’
1098 2311 1212 2378 ἐλθὼν

197 2416 232 2482 ἐκ
260 2426 319 2482 τοῦ
347 2421 526 2502 βαλανείου
554 2420 601 2494 είς
629 2413 722 2483 οἷκον
750 2419 937 2504 κραυγάσης
964 2416 1088 2496 (οὐδεὶς
1115 2417 1211 2505 φέρει
1225 2444 1248 2482 ει
1292 2443 1293 2446 ’

142 2545 176 2593 23
196 2523 344 2608 φαγεῖν;’
373 2519 432 2589 εἶτ’
459 2518 555 2610 (ἀρον
579 2525 637 2600 τὰς
658 2521 832 2610 τραπέζας,
861 2525 1065 2610 σπόγγισον’.
1111 2535 1210 2591 τοῦτο

196 2634 301 2714 φοβῇ,
330 2631 374 2714 μὴ
405 2629 446 2696 ού
470 2630 555 2716 δύνη
580 2633 637 2714 ζῆν
661 2627 834 2716 ἀρρώστου
858 2635 950 2715 βίον,
980 2631 1054 2696 ἐπεί
1074 2655 1127 2697 τοι
1150 2633 1211 2697 τὸν

195 2746 262 2800 τῶν
285 2735 507 2818 ὑγιαινόντων
530 2736 618 2820 μάθε
645 2747 714 2814 πῶς
742 2737 778 2802 οί
803 2738 919 2804 δοῦλοι
944 2741 1058 2822 ζῶσιν,
1084 2749 1153 2814 πῶς
1177 2740 1214 2805 οἱ
1292 2787 1293 2812 1

196 2840 341 2927 ἐργάται,
363 2852 432 2919 πῶς
455 2843 490 2907 οί
510 2845 654 2926 γνησίως
676 2848 951 2928 φιλοσοφοῦντες,
977 2853 1046 2921 πῶς
1070 2846 1210 2930 Σωκρά-
1292 2893 1293 2900 1

196 2969 253 3030 της
271 2949 395 3032 ἔζησεν,
419 2946 545 3026 ἐκεῖνος
563 2944 624 3033 μὲν
642 2947 697 3014 καὶ
720 2951 799 3035 μετδι
818 2953 975 3034 γυναικὸς
992 2949 1048 3016 καὶ
1065 2952 1209 3036 παίδων,
1223 2973 1247 3012 τε

194 3063 264 3128 πῶς
299 3053 481 3139 Διογένης,
517 3065 587 3132 πῶς
622 3056 800 3140 Κλεάνθης
836 3058 902 3141 άμα
944 3057 1111 3142 σχολάζων
1152 3056 1208 3122 καὶ

141 3175 175 3224 24
194 3157 334 3225 ἀντλῶν.
384 3169 485 3225 ταῦτα
512 3159 554 3226 ἀν
581 3161 684 3248 θέλης
712 3165 814 3248 ἔχειν,
844 3161 926 3241 ἕξεις
952 3173 1121 3248 πανταχοῦ
1151 3162 1208 3229 καὶ

196 3266 301 3347 ζήσεις
323 3273 470 3350 θαρρῶν.
515 3268 595 3343 τίνι;
625 3259 651 3353 ᾧ
680 3269 772 3353 μόνῳ
796 3274 938 3354 θαρρεῖν
961 3268 1138 3354 ἐνδέχεται,
1160 3280 1208 3357 τῷ

193 3377 314 3454 πιστῷ,
345 3378 390 3454 τῷ
420 3368 593 3456 ἀκωλύτφ,
625 3379 670 3458 τῷ
695 3371 920 3462 ἀναφαιρέτφ,
953 3373 1041 3440 τοῦτ’
1070 3377 1139 3440 ἔστι
1165 3385 1206 3461 τῇ

266 3596 299 3644 22
319 3586 410 3645 έπίτοι
428 3591 461 3646 S:
481 3607 549 3646 corr.
569 3593 599 3652 δι
