2650 3930
115 232 160 288 (11,
174 235 207 287 τε,
222 228 311 281 εο-οτ)
404 218 557 272 ΒΙΒΔΙΟΝ
575 217 775 271 ΔΕἸὝΕΡΟΝ.
794 215 850 286 κγ’.
1067 218 1133 282 195

114 392 239 469 χειρῶν
272 376 352 445 οὐδὲ
379 380 494 445 ποδῶν
522 376 596 445 οὐδ’
628 377 769 462 ἐσθῆτος
796 377 870 444 οὐδ’
900 379 1134 465 ὑποδημάτων.

115 485 190 554 ἀλλ’
217 489 260 552 άν
282 511 348 572 μου
370 485 528 571 πυνθάνη
551 487 586 550 τί
611 479 673 549 οὖν
697 483 766 550 ἐστι
789 486 965 571 κράτιστον
987 498 1055 553 τῶν
1078 489 1133 552 όν-

115 618 200 678 των,
229 596 264 658 τί
284 599 380 671 είπον;
408 592 470 675 τὴν
493 593 692 677 φραστικήν;
712 590 762 656 ὀὐ
785 592 943 676 δύναμαι·
967 592 1050 659 ἀλλά
1072 594 1134 677 τὴν

116 702 366 785 προαιρετικην,
393 697 474 763 ὅταν
497 698 584 783 ὀρθὴ
608 696 751 781 γίνηται.
796 707 895 764 τοῦτο
918 699 981 785 γάρ
1006 699 1074 765 ἐστι
1096 701 1133 765 τὸ
1153 713 1207 761 τε,

87 807 254 892 εκάκείνη
277 807 450 892 χριόμενον
473 802 528 868 καὶ
550 815 623 881 ταῖς
645 805 761 880 άλλαις
783 804 903 881 πάσαις
924 803 981 869 καὶ
1004 817 1136 891 μικραῖς

117 910 174 979 καλ
197 913 355 998 μεγάλαις
378 911 571 995 δυνάμεσιν.
617 911 738 976 τούτου
761 910 1037 996 κατορθωθέντος
1054 911 1135 994 ἀγα-

118 1020 183 1095 θὸς
204 1020 384 1101 ἄνθρωπος
407 1017 561 1100 [ἀγαθὸς]
586 1020 724 1100 γίνεται,
749 1015 1014 1102 ἀποτευχθέντος
1036 1019 1136 1095 κακὸς

119 1127 301 1211 άνθρωπος
335 1127 481 1208 γίνεται,
517 1119 593 1206 παρ’
630 1122 648 1188 ὃ
680 1122 884 1209 ἀτυχοῦμεν,
921 1124 1135 1210 εὐτυχοῦμεν,
1155 1138 1188 1188 29

118 1228 307 1316 μεμφόμεθ’
334 1229 510 1315 ἀλλήλους,
534 1229 788 1316 εὐαρεστοῦμεν,
819 1229 929 1308 ἁπλῶς
952 1230 970 1296 ὃ
994 1233 1137 1315 λεληθὸς

74 1361 104 1401 ιο
118 1334 181 1423 μὲν
199 1337 462 1422 κακοδαιμονίαν
479 1348 632 1420 ποιεῖται,
650 1338 752 1422 τυχὸν
771 1334 800 1401 δ’
820 1336 1006 1421 ἐπιμελείας
1024 1337 1136 1403 εὐδαι-

120 1447 252 1528 μονίαν.

191 1551 236 1614 Τὸ
265 1545 297 1612 δ’
330 1554 436 1633 αίρειν
459 1547 519 1630 τὴν
543 1549 687 1632 δύναμιν
710 1556 768 1632 τῆς
794 1557 977 1634 φραστικῆς
1003 1548 1058 1615 καὶ
1082 1547 1134 1614 λέ·
1154 1565 1188 1614 30

118 1679 193 1739 γειν
216 1655 259 1739 μὴ
282 1649 369 1719 εἶναι
392 1655 556 1738 μηδεμίαν
579 1661 651 1730 ταῖς
674 1652 846 1737 ἀληθείαις
864 1655 906 1720 οὐ
929 1657 1034 1739 μόνον
1058 1655 1135 1741 ἀχα-

119 1765 236 1846 ρίστου
266 1759 334 1826 ἐστὶ
365 1762 448 1844 πρὸς
476 1763 554 1838 τοὺς
586 1761 787 1844 δεδωκότας,
816 1760 901 1826 ἀλλά
928 1759 983 1826 καὶ
1013 1762 1136 1826 δειλοῦ.

76 1868 138 1934 τιό
162 1867 226 1952 γὰρ
246 1876 397 1944 τοιοῦτος
415 1870 600 1951 φοβεῖσθαί
616 1890 674 1951 μοι
692 1869 795 1951 δοκεῖ,
812 1868 870 1951 μή,
887 1872 980 1953 εἴπερ
999 1865 1072 1932 ίστί
1086 1889 1136 1944 τις
1154 1884 1187 1932 31

119 1975 263 2058 δύναμις
288 1974 370 2038 κατὰ
397 1975 457 2039 τὸν
479 1975 597 2058 τόπον,
625 1972 667 2039 οὐ
690 1975 893 2058 δυνηθῶμεν
916 1974 1018 2058 αὐτῆς
1039 1997 1137 2064 κατα-

118 2087 296 2168 φρονῆσαι.
350 2083 500 2147 τοιοῦτοί
533 2081 598 2145 είσι
635 2078 690 2145 καὶ
722 2080 757 2145 οί
787 2079 940 2163 λέγοντες
971 2081 1136 2165 μηδεμίαν
1155 2096 1189 2147 32

119 2182 207 2252 είναι
230 2187 445 2270 παραλλαγὴν
472 2186 615 2263 κάλλους
641 2187 724 2271 πρὸς
753 2181 874 2272 αἶσχος.
921 2182 991 2252 εἶτα
1014 2186 1137 2271 ὁμοίως

119 2288 163 2377 ἦν
186 2299 368 2376 κινηθῆναι
394 2294 455 2358 τὸν
478 2295 641 2379 Θερσίτην
670 2293 784 2358 ίδόντα
811 2290 867 2358 καὶ
894 2295 954 2359 τὸν
974 2290 1137 2378 Ἀχιλλία;

77 2424 105 2462 το
120 2398 245 2483 ὁμοίως
271 2399 333 2482 τὴν
350 2396 489 2484 Ἑλένην
511 2396 566 2463 καὶ
588 2396 631 2480 ἣν
654 2399 747 2484 ἔτυχε
770 2409 925 2480 γυναῖκας
955 2396 1011 2462 καὶ
1033 2408 1136 2464 ταῦτα
1155 2416 1189 2466 33

120 2505 216 2590 μωρὰ
233 2502 289 2569 καὶ
308 2506 448 2591 ἄγροικα
467 2501 522 2569 καὶ
541 2503 603 2570 οὐκ
624 2505 762 2569 είδότων
780 2504 842 2587 την
862 2500 1002 2569 ἑκάστου
1020 2505 1137 2588 φύσιν,

121 2611 207 2678 ἀλλά
230 2611 451 2697 φοβουμένων
478 2611 522 2695 μὴ
546 2611 589 2675 ἀν
615 2633 666 2686 τις
688 2616 846 2694 αἴσθηται
874 2618 930 2693 τῆς
963 2611 1138 2695 διαφοράς,

121 2716 228 2794 εὐθὺς
255 2714 503 2802 συναρπασθεὶς
531 2714 587 2781 καὶ
615 2713 771 2801 ἡττηθεὶς
797 2713 937 2801 ἀπέλθη.
987 2713 1072 2780 ἀλλὰ
1099 2719 1136 2783 τὸ
1156 2734 1191 2785 34

121 2822 206 2909 μέγα
228 2833 343 2907 τοῦτο,
370 2822 545 2888 ἀπολιπεῖν
568 2820 694 2913 ἑκάστῳ
716 2823 777 2906 τὴν
800 2822 904 2888 αὑτοῦ
928 2822 1074 2907 δύναμιν
1095 2823 1138 2907 ἣν

81 2933 190 3016 τείχει
213 2926 268 2994 καὶ
292 2929 495 2994 ἀπολιπόντα
514 2930 600 2993 ίδεῑν
619 2930 680 3013 τὴν
698 2926 795 3006 ἀξίαν
813 2937 870 3012 τῆς
889 2928 1063 3013 δυνάμεως
1083 2927 1138 2994 καὶ

122 3038 159 3102 τὸ
193 3036 368 3122 κράτιστον
400 3045 467 3100 τῶν
505 3036 612 3101 όντων
647 3041 851 3119 καταμαθεῖν
882 3032 937 3099 καὶ
969 3045 1067 3102 τοῦτο
1101 3034 1137 3101 ἐν

195 3271 209 3320 λ
231 3263 366 3336 [ἀγαθὸς]
386 3264 486 3330 dalem
505 3261 600 3337 <οόκ>
614 3261 725 3332 ἀγαθὸς
738 3261 892 3331 ἄνθρωπος
905 3261 1017 3331 ἀγαθὸς
1029 3257 1138 3330 γίνεται

123 3371 154 3432 8⁶
191 3372 201 3440 ΙΙ
242 3369 398 3439 θλίληδεν
417 3368 450 3426 S:
468 3386 537 3428 τοτα.
557 3368 588 3430 So
626 3371 635 3437 ΙΙ
677 3375 710 3422 10
729 3349 829 3438 τευχὸά
847 3366 875 3422 δ’
898 3369 1080 3438 εὐδαιμονίας
1097 3374 1138 3436 (.)

124 3436 283 3512 ἐπιμελείας
300 3441 334 3498 S:
356 3440 471 3501 ems„
501 3443 511 3508 Ι
544 3446 576 3494 12
596 3434 671 3508 ἐρεῖν
691 3439 723 3495 S:
741 3457 810 3494 οονν.
831 3439 861 3500 δι
894 3442 904 3509 ss
945 3447 977 3494 13
997 3438 1085 3509 μόνον
1105 3439 1138 3494 S.-

123 3530 192 3569 corr.
213 3514 290 3582 ἀτη
333 3511 568 3584 Ιόόγάρδνι.
589 3528 635 3581 pr.
654 3525 723 3566 corr.
742 3511 913 3580 τκὼ...ρ
954 3514 964 3581 ΙΙ
1005 3518 1039 3566 20
1058 3508 1137 3580 ἔτυχε

129 3585 202 3655 Πολι
223 3583 279 3653 εἶχε
299 3584 322 3641 S
349 3586 359 3654 ss
391 3589 425 3638 24
444 3585 530 3639 αὐτοῦ
548 3583 582 3638 S.-
599 3598 668 3639 corr.
687 3597 701 3636 ε

924 3670 975 3722 13·
