2650 3930
133 188 176 246 (11,
191 193 224 245 ει,
239 191 327 244 ιιι-ιε,
341 187 364 239 ε)
399 181 551 233 BIBAION
568 179 769 235 ΔΕΊΤΕΡΟΝ.
790 176 842 234 ια’.
862 180 912 252 ιβ.
1083 176 1147 240 13λ

131 351 205 406 κεῖν
237 337 345 428 μέτρῳ
376 337 672 427 παραχρωμέυους,
709 341 766 406 ἵνα
797 342 915 408 λοιπὸν
947 340 1011 408 ἀπό
1046 321 1149 406 τινων

132 450 314 532 γνωρίμων
336 445 392 512 καί
412 446 695 532 διευκρινημένων
713 447 901 533 ὁρμώμενοι
919 448 1077 532 χρώμεθα
1095 445 1150 512 έπὶ

132 563 200 620 τών
225 551 279 617 έπὶ
302 552 424 638 μέρους
447 547 717 640 διηρθρωμέναις
738 565 810 631 ταῖς
831 556 1025 639 προλήψεσι.

205 661 263 736 Τίς
275 657 512 724 ὑποπέπτωκεν
526 658 624 725 οὐσία
636 657 712 744 περὶ
726 653 765 742 ἡς
781 662 954 743 ζυτοῦμεν;
966 656 1149 744 -Ἧδονὴ
1170 675 1203 724 19

106 788 119 829 ε
134 762 310 846 -Ἵπαγε
325 762 429 849 αὐτὴν
442 773 488 852 τῷ
506 768 637 849 κανόνι,
654 765 734 849 βάλε
749 766 798 841 είς
809 766 869 831 τὸν
884 767 990 849 ζυγόν.
1018 767 1056 831 τὸ
1070 764 1149 848 ἀγα·
1168 782 1204 831 20

132 873 200 936 θδν
219 871 274 936 δεῖ
293 864 380 935 εἶναι
401 878 556 936 τοιοῦτον
578 868 631 956 ἐφ’
652 863 678 959 ᾧ
702 877 846 957 θαρρεῖν
864 869 957 948 ἄξιον
975 868 1031 936 καὶ
1049 864 1075 959 ᾧ
1094 892 1150 936 πε-

132 974 306 1056 ποιθέναι;
323 1013 360 1024 -
382 974 468 1042 Δεῖ.’
485 1013 523 1024 -
536 974 697 1067 ’Λβεβαίμ
716 973 779 1044 οὖν
795 1001 863 1043 τινι
880 983 1022 1063 θαρρεῖν
1040 976 1148 1055 ἄξιονς

133 1120 178 1133 -
195 1083 388 1168 οό.-Μὴ
401 1107 434 1148 τι
449 1079 512 1150 οὖν
530 1082 668 1169 βέβαιον
685 1086 706 1169 ἡ
724 1085 846 1169 ἡδονὴ;
863 1123 905 1132 -
922 1084 982 1149 Οὔ.
999 1076 1149 1170 -Ἅρον
1169 1101 1203 1150 21

134 1185 197 1258 οὖν
215 1188 272 1255 καὶ
289 1191 371 1275 βάλε
385 1189 447 1269 ἔξω
461 1189 498 1256 έκ
513 1200 574 1257 τοῦ
593 1194 695 1275 ζυγοῦ
713 1190 769 1259 καὶ
787 1190 954 1258 ἀπέλασον
967 1199 1025 1275 τῆς
1042 1191 1151 1276 χώρας

94 1321 122 1362 ιο
134 1307 202 1364 τών
222 1295 361 1380 ἀγαθῶν
380 1298 518 1384 μακρόν.
551 1300 584 1363 εί
600 1296 632 1364 δ’
654 1299 716 1364 οὐκ
739 1298 948 1384 ὀξυβλεπτείς
965 1295 1021 1363 καὶ
1040 1296 1077 1363 έν
1096 1315 1149 1363 σοι
1169 1316 1204 1363 22

136 1406 236 1488 ζυγὸν
270 1399 332 1470 οὐκ
358 1403 468 1491 ἀρκεῖ,
499 1403 581 1489 φέρε
611 1405 704 1471 ἄλλο.
751 1403 805 1470 ἐπὶ
830 1414 876 1493 τῷ
909 1403 1027 1492 ἀγαθῷ
1056 1403 1152 1482 ἄξιον

135 1510 346 1596 ίπαίρεσθαι;
366 1547 409 1557 -
423 1513 503 1576 Ναί.
522 1547 565 1557 -
580 1507 651 1595 Ἐφ’
672 1511 778 1596 ἡδονῇ
797 1506 859 1577 οὖν
881 1512 1033 1596 παρούσῃ
1056 1509 1151 1589 ἄξιον

136 1615 348 1702 έπαίρεσθαι;
371 1614 471 1699 βλέπε
490 1617 534 1700 μὴ
554 1621 647 1701 είπγς
665 1615 716 1681 ὅτι
734 1616 841 1695 ἄξιον·
860 1618 892 1682 εί
910 1613 947 1682 δὲ
965 1620 1021 1701 μή,
1041 1613 1152 1682 οὐκέτι

135 1739 173 1788 σε
206 1718 287 1788 οὐδὲ
317 1730 378 1788 τοῦ
411 1724 512 1806 ζυγοῦ
544 1721 639 1800 ἄξιον
664 1723 839 1807 ἡγήσομαι.
890 1722 976 1789 οὕτω
1005 1726 1151 1809 κρίνεται
1170 1740 1205 1788 23

93 1850 122 1892 ιε
135 1828 176 1894 τὰ
198 1828 373 1914 πράγματα
395 1825 451 1894 καὶ
472 1829 600 1894 ἵσταται
622 1839 690 1894 τών
707 1831 862 1895 κανόνων
884 1825 1151 1912 ἡτοιμασμένων·

134 1932 192 2001 καὶ
214 1936 252 2000 τὸ
274 1941 474 2020 φιλοσοφεῖν
497 1937 594 2002 τοῦτό
618 1934 720 2019 ἐστιν,
744 1934 998 2002 ἐπισκέπτεσθαι
1020 1931 1076 2000 καὶ
1097 1938 1152 2020 βε·
1170 1951 1205 2000 νε

135 2045 258 2126 βαιοῦν
279 2043 359 2119 τοὺς
384 2045 544 2125 κανόνας,
570 2044 608 2108 τὸ
636 2038 666 2110 δ’
693 2043 758 2127 ἡδη
781 2049 927 2129 χρῆσθαι
953 2052 1023 2120 τοῖς
1050 2041 1152 2125 έγνω-
1170 2058 1205 2108 25

140 2146 277 2233 σμένοις
298 2155 397 2214 τοῦτο
420 2156 480 2215 τοῦ
502 2153 607 2214 καλοῦ
629 2145 685 2214 καὶ
707 2147 839 2233 ἀγαθοῦ
863 2152 963 2236 ἔργον
986 2149 1086 2215 ἐστίν.

352 2498 410 2587 ιβ’.
447 2498 548 2588 Περὶ
570 2509 644 2567 τοῦΙ
662 2499 931 2584 διαλέγεσθαι.

196 2642 238 2710 ”A
265 2640 327 2729 μὲν
355 2645 408 2708 δεῖ
428 2645 579 2728 μαθόντα
607 2640 731 2708 εἰδέναι
760 2647 906 2728 χρῆσθαι
929 2645 1033 2731 λόγῳ,
1061 2643 1187 2729 ἡκρίέι

96 2770 123 2812 ω
137 2754 241 2836 βωται
263 2749 329 2815 ὑπὸ
351 2760 418 2814 τῶν
440 2745 618 2833 ἡμετέρων.
664 2745 739 2834 περὶ
758 2743 795 2812 δὲ
813 2748 876 2832 πὴν
898 2757 1018 2834 χρῆσιν
1041 2746 1153 2815 αὐτῶν

136 2858 199 2942 τὴν
221 2858 457 2939 προσήκουσαν
479 2852 597 2932 τελέως
619 2852 827 2940 ἀγόμναστοί
842 2853 952 2940 έσμεν.
992 2856 1050 2933 δὸς
1068 2865 1152 2939 γοῦν
1171 2874 1187 2922 ε

138 2956 165 3051 ᾧ
193 2961 305 3040 θέλεις
330 2962 426 3047 ἡμῶν
454 2961 591 3046 ἰδιώτην
618 2962 693 3026 τινὰ
725 2963 784 3028 τὸν
816 2963 1151 3047 προσδιαλεγόμενον,

137 3068 193 3136 καὶ
216 3067 276 3156 οὐχ
295 3069 442 3155 εὑρίσκει
459 3071 648 3154 χρήσασθαι
672 3064 773 3156 αὐτῷ,
796 3067 880 3134 ἀλλὰ
898 3069 999 3154 μικρὰ
1016 3071 1154 3153 κινὴσας

138 3177 198 3242 τὸν
220 3176 415 3262 ἄνθρωπον,
439 3172 481 3238 διν
503 3174 592 3260 παρδ
616 3171 714 3259 μέλος
731 3172 862 3261 ἀπαντᾷ
885 3172 1019 3259 ἐκεῖνος,
1044 3169 1154 3241 οὐκέτι

98 3299 126 3341 ιο
139 3282 280 3347 δύναται
313 3282 621 3367 μεταχειρίσασθαι,
654 3276 726 3345 ἀλλ’
760 3279 780 3364 ἡ
809 3282 959 3366 λοιδορεῖ
987 3284 1105 3350 λοιπὸν
1132 3281 1153 3366 ἡ

215 3479 248 3528 10
268 3467 299 3528 ἐν
318 3472 363 3528 σοὶ
380 3472 414 3530 8.-
433 3489 503 3529 τοτα.
520 3490 535 3528 ε
560 3475 571 3542 ἡ
599 3448 635 3527 19*
651 3472 700 3526 δεῖ
713 3470 743 3532 S.
759 3473 792 3528 ι’νι
804 3489 906 3528 rasura
923 3475 1009 3530 αυῖαε
1027 3475 1133 3530 litterae
1146 3475 1155 3545 ἡ

139 3549 174 3600 24
193 3542 274 3616 μέλος
291 3560 318 3601 8:
337 3541 432 3606 σκέλος
449 3543 472 3599 S
