2626 3924
205 192 271 256 382
357 192 540 244 APPIANOT
558 191 632 244 ΤΩΝ
649 191 866 242 ΕΠΙΚΤΗΤΟΤ
884 190 1082 243 ΔΙΑΤΡΙΒΩΝ

204 355 345 419 σεαυτὸν
373 354 418 437 μὴ
447 353 494 416 ὣν
521 351 577 417 καὶ
607 350 731 436 ἐσθῆτα
754 349 976 417 ἐπιδεικνύειν
998 349 1116 428 θέλεις
1142 357 1225 417 στιλ-

203 461 303 542 πνήν,
326 458 382 523 ἵνα
400 458 458 534 τδις
476 468 636 540 γυναῖκας
654 455 863 543 ἐπιστρόφης,
884 459 947 523 κᾶν
964 479 1031 523 που
1049 461 1225 544 μυραφίου

168 562 376 650 8ἐπιτύχης,
403 563 562 648 μακάριος
589 558 676 629 εἶναι
704 565 821 641 δοκεῖς.
870 566 1033 650 πρότερον
1062 561 1094 628 δ’
1125 560 1226 630 οὐδὲν

205 669 374 754 ἐνεῦυμοῦ
395 693 428 735 τι
451 670 591 754 τούτων,
614 669 698 736 ιἰλλδι
720 680 787 736 ποῦ
810 669 984 755 εὐσχήμων
1003 672 1117 754 λόγος,
1144 670 1225 753 ἀνὴρ

205 775 394 861 ἀξιόλογος,
421 775 599 862 ἐνθύμημα
627 787 793 860 γενναῖον.
839 786 1018 862 τοιγαροῦν
1042 775 1227 853 ἐκάθευδες
1249 794 1258 832 ⁵

205 883 249 960 ὡς
272 883 370 970 ἀνήρ,
392 879 529 970 προῄεις
551 883 596 960 ὡς
619 881 716 968 ἀνήρ,
744 882 869 966 ἐσθῆτα
893 879 1024 969 ἐφόρεις
1047 880 1227 967 ἀνδρική-ν,

199 993 326 1074 Ιλόγους
349 989 476 1067 ἐλύλεις
497 987 682 1076 πρέποντας
705 987 805 1074 ἀνδρὶ
831 988 964 1076 ἀγαθῷ·
992 982 1063 1053 εἶτα
1092 1011 1155 1071 μοι
1179 987 1228 1053 λε’-

169 1112 274 1181 9γεις
310 1091 428 1162 εοὐδὲν
463 1095 643 1176 ἀπώλεσας
681 1095 785 1174 οὕτως
817 1091 918 1161 οὐδὲν
951 1095 1033 1161 ἄλλο
1064 1093 1088 1178 ἣ
1121 1091 1228 1181 κε’ρμα

205 1201 432 1267 ἀπολλύουσιν
470 1202 661 1288 ύνθρωποις
704 1204 805 1279 αἰδὼς
837 1201 899 1268 οὐκ
931 1199 1138 1284 ἀπόλλυται,
1173 1201 1228 1270 ,εὐ-

207 1307 398 1391 σχημοσύνη
432 1306 493 1372 οῦκ
525 1305 721 1391 ἀπόλλυται;
758 1307 778 1390 ἣ
812 1308 874 1373 οὐκ
910 1309 980 1372 ἔστι
1013 1309 1228 1391 ζημιωθῆναι
1241 1325 1260 1363 1⁰

152 1427 187 1478 10
205 1420 307 1478 ταῦτα
339 1409 559 1491 ἀπολέσαντα;
594 1410 647 1478 σοὶ
677 1409 738 1497 μὲν
768 1407 831 1478 οὖν
861 1415 955 1478 δοκεῖ
981 1411 1062 1496 τύχα
1094 1415 1228 1480 τούτων

207 1514 308 1584 οὐδὲν
338 1517 449 1584 οὐκέτι
467 1513 552 1584 εἶναι
576 1521 684 1603 ζημία·
708 1513 751 1603 ἦν
775 1517 815 1584 δέ
834 1540 913 1584 ποτε
934 1522 1066 1604 χρόνος,
1091 1519 1150 1584 ὅτε
1170 1524 1228 1605 μό-

205 1649 269 1709 νην
299 1625 404 1710 αὐτὴν
435 1625 634 1708 ὑπελογίζου
661 1623 716 1692 καὶ
745 1627 862 1710 ζημίαν
897 1623 952 1690 καὶ
988 1625 1140 1710 βλάβην,
1176 1625 1226 1691 ὅτε

204 1731 361 1816 ἠγωνίας,
390 1735 436 1818 μη
467 1755 517 1810 τις
545 1729 676 1816 ἐκσείση
704 1747 741 1796 σε
769 1733 896 1798 τούτων
926 1742 994 1796 τῶν
1022 1734 1138 1814 λόγων
1173 1729 1227 1797 καὶ

204 1839 322 1923 ἔργον·
367 1873 369 1878 ·
1240 1855 1259 1892 1⁵

153 1957 185 2005 11
269 1940 367 2025 Ἰδού,
383 1939 574 2014 ,ἐκσέσεισαι
592 1939 648 2008 ὑπ’
672 1938 858 2027 ύλλουμὲν
880 1943 1029 2027 οὐδενός,
1052 1943 1121 2010 ὑπὸ
1145 1961 1225 2010 σαυ-

204 2055 266 2111 τοῦ
289 2044 335 2111 δέ.
380 2045 563 2132 μαχέσθητι
586 2057 709 2136 σαυτῷ,
731 2047 862 2132 Ῠοἰφελοῦ
885 2051 1010 2116 σαυτὸν
1030 2050 1080 2127 ,εἰς
1104 2050 1226 2135 εὐσχη-

153 2166 186 2216 12
206 2153 373 2236 μοσύνην,
402 2155 450 2231 εἰς
477 2156 577 2238 αἰδοῦ,
607 2156 656 2232 εἰς
681 2153 888 2242 ἐλευθερίαν.
935 2161 972 2220 ελ
994 2157 1053 2220 σοί
1075 2159 1129 2233 τίς
1158 2178 1226 2222 που

205 2259 318 2342 ἔλεγεν
344 2257 420 2346 περὶ
447 2258 529 2344 ἐμοῦ
556 2270 674 2344 ταῦτα,
702 2259 752 2326 ὅτι
780 2257 823 2346 με’
847 2285 896 2344 τις
923 2261 1090 2346 μοιχεύειν
1120 2260 1226 2344 ἀναγ-

204 2361 309 2448 κάζει,
340 2363 391 2430 ότι
421 2363 545 2450 ἐσθῆτα
562 2376 694 2451 «φορεῖν
722 2367 896 2450 τοιαύτην,
928 2364 979 2430 ὅτε
1010 2367 1259 2453 μυρίζεσθαι,νῦ

205 2469 266 2536 οῦκ
289 2469 331 2536 δν
354 2469 511 2536 ἀπελθὼν
535 2471 686 2557 αὐτόχειρ
710 2468 827 2554 ἐγένου
854 2471 974 2537 τούτου
1001 2479 1062 2535 τοῦ
1085 2469 1226 2559 ἀνθρώ-

152 2592 185 2641 13
203 2597 269 2641 που
291 2587 352 2644 τοῦ
374 2577 461 2643 οὕτω
484 2600 541 2661 μοι
563 2575 840 2664 παραχρωμόνους
867 2586 932 2644 νῦν
956 2573 1019 2643 οὖν
1041 2577 1083 2643 ού
1105 2575 1225 2656 θέλεις

205 2691 314 2770 σαυτῷ
332 2686 514 2767 βοηθῇσαις
537 2684 592 2748 καὶ
609 2686 702 2773 πόσῳ
717 2679 815 2771 γῥηλον
834 2683 917 2768 αὕτη
936 2683 1132 2768 ηβοῄῦειας
1160 2685 1224 2750 οὐκ

204 2785 399 2852 ἀποκτεῖναί
421 2812 496 2854 τινα
524 2791 591 2874 δεῖ,
618 2789 796 2874 αὐδῆσαι,
825 2788 884 2874 οὐχ
905 2789 1057 2874 ὑβρίσαι,
1079 2789 1149 2854 οὐκ
1175 2793 1224 2867 εἰς

204 2891 331 2977 ἀγορὰν
353 2899 550 2980 προελθεῖν,
572 2893 644 2960 ἀλλ’
670 2895 772 2961 αὐτὸν
795 2895 883 2983 αὐτῷ
906 2899 1064 2979 λαλῆσαι,
1086 2904 1133 2982 τῷ
1158 2897 1255 2980 μοί-ν

204 3002 299 3062 λιστα
320 2999 583 3090 πεισθησομόνςο,
606 3003 689 3086 πρὸς
707 3001 747 3066 ὃν
765 3001 877 3078 οὐδείς
889 3000 967 3068 ἐστι’
986 3017 1048 3070 σου
1066 3003 1221 3066 πιθανώ-

151 3118 186 3166 14
206 3125 305 3190 τερος.
354 3102 411 3170 καὶ
436 3115 569 3192 πρῶτον
596 3103 657 3192 μὲν
684 3107 876 3191 κατύγνεοθι
902 3117 969 3174 τῶν
989 3102 1221 3191 γιγνομένων,

163 3281 166 3287 Δ
205 3204 274 3274 εἶτα
301 3214 484 3292 καταγνοὺς
511 3213 555 3296 μὴ
583 3211 736 3301 ιἰπογνῷς
762 3221 903 3278 σεαυτοῦ
928 3209 1015 3296 μηδὲ
1039 3211 1152 3296 πάθης
1182 3216 1219 3278 τὸ

204 3322 271 3376 τῶν
300 3311 449 3393 ἀγεννῶν
479 3315 684 3402 ἀνθρώπων,
718 3321 754 3382 οἳ
780 3315 863 3394 ἅπαξ
894 3316 1046 3393 ἐνδόντες
1074 3318 1218 3384 εἰσύπαν

207 3412 375 3478 ἐπέδωκαν
398 3413 535 3492 ἑαυτοὺς
556 3417 612 3482 καλ
634 3421 680 3496 ὡς
702 3421 767 3486 ὑπὸ
791 3419 952 3505 ῥεύματος
968 3423 1253 3507 παρεσύρησαν,ν

153 3532 186 3580 15
206 3517 289 3582 ἀλλὰ
312 3518 399 3599 μύδε
420 3520 459 3583 τὸ
480 3531 548 3587 νῦν
570 3524 803 3608 παιδοτριβῶν.
839 3523 986 3592 πέπτωκε
1005 3529 1042 3592 τὸ
1064 3528 1218 3594 παιδίον·
