2626 3924
123 205 178 265 (w,
193 213 212 263 ι,
226 205 315 257 τε-εο)
422 195 575 249 ΒΙΒΛΙΟΝ
592 196 789 250 ΤΕΤΑΡΓΟΝ.
809 193 851 252 α’.
1074 195 1141 261 327

123 361 271 444 κρίνειν,
297 359 338 422 τδ
364 357 496 422 κωλυτδ
523 355 587 422 ἀπὸ
614 367 682 422 τῶν
705 356 900 442 ἀκωλύτων,
930 368 1032 424 ταῦτα
1058 359 1144 444 πρὸς

125 466 253 530 σαυτὸν
283 463 454 547 ἡγεῖσθαι,
488 462 597 529 ἐκεῖνα
630 465 674 548 μὴ
706 466 789 550 πρὸς
820 469 960 550 σαυτόν,
993 464 1142 530 ἐνταῦθα

127 570 334 656 ἐπιστρόφως
361 572 449 656 ἔχειν
478 571 541 653 τὴν
564 569 690 655 ὄρεξιν,
718 569 865 636 ἐνταῦθα
893 573 954 655 τὴν
982 573 1140 655 ἔκκλισιν,

127 679 173 762 μή
195 699 228 742 τι
251 679 299 742 ἔτι
322 680 411 761 φοβῇ
440 700 529 756 τινας
557 713 595 724 -
622 673 763 742 Οὐδένα.
790 713 828 725 -
855 676 941 764 Περὶ
964 681 1054 755 τίνος
1076 679 1139 764 χδρ
1159 694 1195 743 82

97 785 276 870 ῡφοβήσχς
306 781 382 868 περὶ
411 793 479 847 τῶν
509 793 665 866 σεαυτοῦ,
699 782 783 848 ὅπου
815 798 868 848 σοι
897 783 919 866 ἡ
953 783 1050 850 οὐσία
1079 794 1141 850 τοῦ

127 889 261 974 ἀγαθοῦ
284 886 340 954 καὶ
362 898 423 954 τοῦ
444 896 564 967 κακοῦ;
587 887 644 953 καὶ
666 892 715 966 τίς
736 888 865 953 τούτων
887 887 1041 966 ἐξουσίαν
1059 891 1141 974 ἔχεις

127 999 178 1072 τίς
196 992 379 1082 ἀφελέσθαι
398 995 481 1059 αότδι
500 995 650 1078 δύναται,
671 997 720 1072 τίς
738 993 929 1078 έμποδίσαι;
954 995 995 1062 οὐ
1013 999 1141 1079 μᾶλλον

129 1101 150 1185 ἢ
172 1103 232 1166 τὸν
253 1104 346 1166 θεόν.
384 1098 456 1166 ἀλλ’
476 1097 561 1187 ὑπὲρ
580 1110 640 1166 τοῦ
660 1102 809 1185 σώματος
826 1099 883 1166 καὶ
901 1109 959 1186 τῆς
980 1105 1139 1186 κτήσεως;
1160 1117 1196 1167 83

127 1203 212 1293 ὑπὲρ
235 1217 302 1272 τῶν
325 1205 523 1292 ἀλλοτρίους
545 1204 630 1294 ὑπὲρ
648 1219 716 1273 τῶν
734 1202 835 1272 οὐδέν
853 1210 937 1294 πρὸς
961 1205 1011 1286 σός
1036 1206 1092 1274 καὶ
1110 1211 1146 1273 τί

87 1330 115 1370 ¹⁰
128 1315 211 1379 ἄλλο
235 1312 267 1391 ἐξ
292 1311 394 1399 ἀρχῆς
416 1311 568 1396 έμελέτας
586 1312 606 1397 ἢ
626 1315 811 1400 διακρίνειν
829 1315 869 1378 τδ
889 1315 930 1378 σδι
953 1311 1009 1379 καὶ
1028 1313 1069 1380 οὐ
1088 1314 1142 1397 σιλ,

126 1421 169 1484 τὰ
192 1416 245 1484 έπὶ
268 1417 323 1485 σοὶ
345 1417 400 1484 καὶ
423 1419 484 1484 οὐκ
507 1417 561 1484 έπὶ
584 1422 654 1503 σοί,
681 1420 721 1484 τδι
743 1421 875 1485 κωλυταὶ
897 1417 954 1484 καὶ
976 1418 1142 1499 ἀκώλυτας

129 1527 222 1601 τίνος
244 1520 282 1590 δέ
304 1523 401 1591 ἕνεκα
423 1528 612 1610 προσῆλθες
633 1536 703 1602 τοῖς
724 1528 937 1610 φιλοσόφοις;
961 1526 1018 1591 ἵνα
1037 1522 1143 1610 μηδὲν

129 1626 230 1714 ἧττον
257 1630 379 1716 ἀτυχῇς
404 1629 460 1696 καὶ
489 1632 666 1716 δυστυχῇςς
699 1631 824 1696 οὐκοῦν
851 1631 979 1715 ἄφοβος
1002 1627 1064 1715 μὲν
1086 1631 1143 1696 οὔ·
1162 1647 1199 1697 84

129 1760 194 1814 τως
216 1739 283 1802 ἔσει
305 1734 361 1802 καὶ
384 1736 555 1823 ἀτολραχος.
601 1737 687 1820 λύπη
712 1732 750 1801 δὲ
772 1739 808 1800 τί
827 1738 910 1822 πρὸς
934 1735 984 1815 σε’;
1008 1731 1057 1802 ὧν
1079 1737 1143 1822 γὰρ

91 1860 116 1902 ιι
130 1840 418 1929 προσδοκωμένων
450 1845 557 1926 φόβος
578 1846 721 1926 γίνεται,
753 1839 808 1907 καὶ
840 1843 926 1926 λύπη
957 1845 1144 1928 παρόντων.

130 1948 350 2030 ἐπιθυμήσεις
373 1941 410 2011 δέ
433 1950 524 2022 τίνος
547 1948 608 2024 ἕεις
626 1937 705 2012 τῶν
732 1942 794 2031 μὲν
817 1947 880 2033 γὰρ
903 1959 1145 2034 προαιρετικῶν

131 2054 187 2119 ἅτε
209 2057 321 2119 καλῶν
349 2055 457 2119 όντων
483 2051 540 2119 καλ
570 2058 746 2138 παρόντων
770 2055 958 2138 σύμμετρον
982 2056 1066 2141 ἔχεις
1088 2054 1145 2122 καὶ

130 2157 379 2243 καθισταμένην
396 2161 457 2243 τὴν
476 2159 600 2244 όρεξιν,
617 2170 685 2225 τῶν
704 2157 735 2225 δ’
756 2157 984 2245 ἀπροαιρέτων
1003 2162 1145 2240 οὐδενὸς

132 2263 243 2352 ὀρέχχ,
266 2267 323 2331 ἵνα
344 2262 400 2330 καὶ
422 2269 526 2331 τόπον
550 2275 610 2352 σχῇ
634 2268 672 2331 τὸ
695 2267 819 2350 ἄλογον
839 2266 945 2332 ε’κεῖνο
969 2266 1025 2332 καὶ
1049 2269 1145 2334 ιἰστι-

92 2387 120 2428 20
133 2374 194 2438 κὸν
216 2368 272 2436 καὶ
294 2370 384 2455 παρδ
406 2372 446 2436 τὰ
469 2368 571 2455 με’τρα
594 2369 804 2454 ἠπειγμένον.

189 2475 293 2542 Ὅταν
316 2471 378 2543 οὖν
401 2479 484 2562 πρὸς
505 2477 546 2542 τδι
568 2477 742 2562 πράγματα
769 2477 874 2553 οὕτως
902 2478 994 2562 έχχς,
1020 2480 1070 2553 τίς
1097 2480 1144 2543 ἔτι
1164 2494 1199 2543 85

133 2585 312 2669 ἄνθρωπος
336 2584 476 2648 δύναται
498 2585 644 2667 φοβερὸς
666 2579 765 2662 εἷναι;
789 2586 824 2647 τί
843 2583 906 2667 γὰρ
927 2583 993 2666 ἔχει
1011 2583 1146 2668 ἅνθρω-

132 2711 194 2767 πος
221 2688 388 2778 ἀνθρώπῳ
417 2691 564 2776 φοβερὸν
592 2688 613 2773 ἣ
642 2688 761 2774 ὀφθεὶς
786 2688 806 2773 ἢ
836 2691 980 2773 λαλήσας
1010 2687 1031 2772 ἢ
1062 2688 1148 2767 ὅλως

134 2798 433 2880 σνναναστραφείς;
468 2795 510 2861 οὐ
541 2800 669 2878 μᾶλλον
700 2795 721 2879 ἢ
753 2797 852 2872 ἵππος
881 2795 969 2883 ῗππφ
1002 2794 1022 2879 ἢ
1054 2797 1146 2861 κύων

96 2923 122 2966 ει
135 2899 212 2967 κυνὶ
238 2899 259 2984 ἣ
287 2900 426 2984 με’λισσα
449 2903 597 2986 μελόσσχ.
643 2900 727 2966 ιἰλλδι
754 2902 794 2966 τδ
821 2901 996 2987 πράγματα
1020 2899 1145 2967 ἑκάστω

133 3008 261 3094 φοβεροί
290 3005 371 3071 έστι·
404 3016 506 3072 ταῦτα
540 3005 569 3070 δ’
602 3007 681 3072 ὅταν
708 3019 893 3093 περιποιεῖν
925 3030 975 3084 τις
1007 3008 1150 3090 δύνηταί

133 3138 199 3180 τινι
217 3111 238 3196 ἢ
257 3108 453 3196 ἀφελέσθαι,
472 3115 544 3178 τότε
564 3111 619 3178 καὶ
638 3113 738 3192 αὐτὸς
750 3116 895 3200 φοβερὸς
913 3116 1046 3196 γίνεται.
1077 3124 1146 3192 πῶς
1164 3130 1201 3179 οε

207 3276 240 3324 16
250 3285 311 3337 sqq.
330 3267 365 3324 cf.
384 3268 472 3324 Ench.
492 3276 516 3338 2,
534 3275 559 3324 2.

205 3417 222 3466 3
241 3407 287 3482 ἔχε
306 3411 338 3467 S:
352 3427 421 3466 corr.
436 3409 467 3471 S»
494 3413 504 3482 ΙΙ
526 3418 575 3480 τῆς
593 3407 710 3481 ὀρέξεως
727 3411 760 3473 δι
788 3413 798 3482 χ
821 3411 935 3486 (κατὰ)
954 3411 1006 3481 τὴν
1025 3408 1149 3467 ἔκκλισιν

135 3483 167 3544 S„
196 3485 206 3554 λ
233 3487 312 3536 ὅσοι
326 3481 425 3536 δόλιος
444 3481 535 3538 σουθ
558 3483 568 3552 ΙΙ
597 3489 630 3536 14
649 3481 697 3552 ἔτη
717 3483 746 3543 θ,
777 3485 786 3554 χ
815 3489 848 3538 16
866 3481 1100 3554 προσδοκωμένων
1115 3483 1149 3540 S:

135 3571 204 3609 corr.
223 3553 251 3614 S<
281 3555 292 3622 ΙΙ
313 3551 440 3624 (τούτων
457 3552 586 3626 γίνεται)
605 3553 655 3608 καλ
672 3554 757 3612 Βελιω.
780 3557 790 3625 λ
812 3560 847 3610 25
862 3550 980 3610 ἕκαστον
994 3555 1029 3610 S.-
1047 3571 1115 3611 σοιν.
1135 3572 1150 3610 s
