2636 3922
134 199 168 258 (1,
185 202 217 256 18,
231 202 320 253 ρτ-ιο,
334 197 356 249 5)
410 187 564 240 BIBAION
581 188 740 242 ΠΡΩΤΟΝ.
764 186 814 258 ιβ’,
839 187 888 255 ιγ’.
1048 156 1056 220 5.
1111 186 1154 250 49

134 350 285 436 ἀφῆκαν,
303 350 454 434 σώματος
469 347 565 414 ἕνεκα
579 348 722 433 ἀφήκαν,
740 349 883 432 κτήσεως
895 347 1047 414 ῦανάτου
1065 350 1155 431 ζωῆς.

134 460 232 534 τίνος
260 451 324 522 ούν
351 455 546 521 ὑπεύθυνόν
570 472 607 520 σε
638 454 812 539 ἐποίησαν;
843 464 903 521 τοῦ
931 456 1037 539 μόνον
1061 455 1157 530 ὄντος
1175 472 1210 520 34

136 561 199 628 ἐπί
219 578 286 646 σοι,
308 565 457 648 χρήσεως
475 561 547 639 οἵας
565 563 619 626 ἀεί
635 571 836 645 φαντασιῶν.
880 563 916 626 τί
936 556 999 626 οὖν
1018 557 1157 647 ἐπισπᾷς
1176 578 1210 626 35

136 677 271 756 σεαυτῷ
291 677 395 733 ταῦτα
418 661 466 732 ὧν
487 666 724 743 ἀνυπεύθυνος
746 661 789 745 είς
813 668 912 730 τοῦτό
936 663 1026 730 ἐστιν
1051 663 1155 752 ἑαυτῷ

108 772 302 860 σπαρέχειν
324 773 508 861 πράγματα.

174 1089 233 1177 ιγ’.
266 1096 355 1170 Πῶς
377 1090 520 1157 ἕκαστοί
544 1093 626 1156 ἐστι
649 1099 781 1155 ποιεῖν
804 1087 979 1174 ἀρεστῶς
1001 1093 1121 1165 θεοῖς.

210 1231 418 1318 Πυθομένου
442 1230 482 1297 δέ
506 1255 608 1314 τινος,
637 1241 707 1308 πῶς
733 1228 824 1296 ἐστιν
857 1228 984 1295 ἐσθίειν
1015 1227 1189 1314 ἀρεστῶς1

140 1347 251 1423 θεοῖς,
271 1343 317 1404 Ec
333 1341 469 1416 δικαίως
489 1336 590 1420 ἐστίν,
609 1338 684 1421 ἔφη,
697 1333 753 1402 καὶ
771 1336 991 1420 εὐγνωμόνως
1004 1333 1060 1401 καλ
1079 1342 1158 1414 ίσως

143 1446 310 1534 ἐγκρατῶς
341 1443 397 1512 καλ
428 1447 589 1528 κοσμίως,
626 1442 687 1508 οὐκ
724 1444 792 1507 ἐστι
828 1440 882 1506 καλ
914 1441 1059 1528 ἀρεστῶς
1089 1452 1158 1521 τοῖς

100 1574 129 1615 ιο
144 1560 254 1632 θεοϊςς
282 1552 362 1618 ὅταν
391 1546 428 1615 δὲ
455 1551 584 1635 θερμὸν
611 1549 806 1631 αίτήσαντός
833 1563 895 1612 σου
918 1548 962 1631 μή
985 1547 1194 1636 ύπακούσῃκ

145 1650 163 1718 δ
186 1662 264 1728 παῖς
291 1650 312 1735 ή
339 1650 530 1728 ὑπακούσας
555 1651 778 1737 χλιαρώτερον
806 1650 923 1738 ἐνέγκῃ
951 1653 971 1737 ή
999 1652 1076 1739 μηδ’
1103 1655 1158 1721 εῦ-

145 1764 230 1845 ρεθῇ
255 1755 292 1822 ἐν
314 1765 353 1842 τῇ
377 1758 478 1844 οἰκίᾳ,
499 1758 537 1822 τὸ
560 1759 605 1842 μή
628 1759 840 1842 χαλεπαίνειν
860 1755 945 1844 μηδὲ
967 1759 1158 1846 ρήγνυσθαι

145 1864 207 1932 ούκ
231 1864 326 1944 ἐστιν
354 1862 496 1948 ἀρεστὸν
518 1873 587 1940 τοῖς
613 1868 721 1942 θεοῑς;
748 1867 892 1941 -’Πῶς
922 1860 985 1928 οὖν
1008 1887 1057 1941 τις
1079 1865 1193 1932 ἀνά-3

146 1987 262 2056 σχήται
285 1979 352 2033 τῶν
374 1969 550 2048 τοιούτους
577 2004 616 2015 -
637 1965 879 2054 Ἀνύρύποάον,
902 1968 963 2035 οὐκ
981 1967 1080 2057 ἀνέξῃ
1098 1982 1159 2038 τοῦ

104 2094 132 2135 ιε
144 2074 295 2158 ἀδελφοῦ
313 2083 374 2139 τοῦ
393 2083 528 2158 σαυτοῦ,
547 2073 584 2150 ὃς
602 2074 747 2157 ἔχειτὸν
763 2078 832 2139 Δία
849 2078 1030 2163 πρόγονον,
1048 2076 1158 2161 ὥσπερ

144 2181 218 2257 υίὸς
242 2178 278 2244 ἐκ
301 2190 368 2244 τῶν
391 2180 501 2244 αὐτῶν
525 2179 719 2264 σπερμάτων
742 2176 879 2263 γέγονεν
901 2177 957 2245 καλ
979 2190 1037 2265 τῆς
1059 2181 1160 2265 αύτής

145 2287 281 2352 ἀνωθεν
317 2288 517 2369 καταβολῆς,
554 2282 626 2350 ἀλλ’
661 2286 693 2350 εί
725 2286 762 2349 ἐν
793 2308 860 2350 τινι
896 2288 1032 2372 τοιαύτῃ
1068 2288 1194 2376 χῶραι

144 2391 325 2476 κατετάγῃς
355 2390 577 2477 ύπερεχούσῃ,
613 2390 718 2467 εὐθὺς
749 2392 915 2477 τύραννον
947 2394 1160 2475 καταστήσεις

146 2500 303 2576 σεαυτύνς
327 2495 369 2562 ού
391 2498 541 2582 μεμνήσῃ
560 2499 596 2561 τί
614 2491 647 2560 εἷ
668 2494 724 2561 καλ
742 2501 843 2562 τίνων
861 2498 986 2582 ἀρχειςς
1010 2497 1061 2562 ὅτι
1080 2516 1159 2582 συγ-

106 2625 132 2665 εο
145 2613 271 2688 γενῶν,
303 2601 355 2666 ὅτι
377 2600 532 2687 ἀδελφῶν
555 2602 666 2686 φύσει,
690 2601 740 2667 ὅτι
767 2612 827 2668 τοῦ
854 2605 939 2679 Διὸς
966 2602 1157 2686 ἀπογόνους

148 2747 188 2757 -
206 2705 293 2773 Ἀλλ’
313 2707 404 2791 ὠνήν
422 2708 532 2773 αὐτῶν
551 2710 626 2795 ἐγω,
644 2707 765 2774 ἐκεῖνοι
785 2704 815 2774 δ’
834 2706 916 2793 ἐμοῦ
935 2709 996 2775 ούκ
1014 2711 1157 2796 ἔχουσιν.
1177 2732 1193 2778 5

147 2853 189 2865 -
218 2813 316 2902 Ὁρᾷς
345 2823 412 2880 ποῦ
440 2812 584 2897 βλέπειςς
618 2812 670 2880 ὅτι
700 2817 746 2892 είς
775 2816 837 2899 τήν
866 2825 941 2900 γήν,
972 2813 1024 2881 ὅτι
1051 2819 1099 2894 είς
1121 2820 1159 2883 τὸ

145 2922 338 3007 βάραθρον,
366 2918 417 2985 ὅτι
444 2922 492 2997 είς
517 2923 596 2998 τοὺς
622 2921 849 3006 ταλαιπώρους
875 2922 1014 2999 τούτους
1036 2927 1160 3008 νόμους

145 3030 226 3104 τοὺς
248 3038 314 3092 τῶν
337 3037 475 3112 νεκρῶν,
499 3028 546 3103 είς
569 3021 606 3090 δέ
628 3030 706 3103 τοὺς
728 3038 795 3091 τῶν
817 3032 909 3092 θεῶν
932 3027 972 3093 ού
995 3026 1140 3112 βλέπεις;

220 3189 322 3252 losqq.
343 3183 428 3238 Ench.
450 3188 495 3250 12,
516 3189 545 3236 2:
575 3179 643 3237 ὅταν
666 3183 698 3238 ἀλ
722 3187 808 3254 καλῇς
830 3183 879 3237 τὸν
902 3186 1006 3251 παῖδα,
1031 3180 1158 3255 ἐνθυμοῦ

147 3253 334 3380 {grimmam
357 3253 394 3324 μὴ
417 3255 578 3309 ὑπακοῦσαι
610 3253 659 3307 καλ
681 3255 845 3318 ὑπακούσας
868 3254 956 3325 μηδὲν
979 3263 1094 3324 ποιήσαι
1119 3252 1158 3311 ὧν

187 3345 199 3380 ε
217 3345 264 3388 εις.

220 3461 375 3542 ῦέπισπᾴς
391 3482 419 3532 ε,-
439 3464 578 3522 ἐπίσπαεκ
597 3465 626 3535 S,
645 3460 749 3520 ἐπισπῶ
768 3467 798 3527 Β,
833 3468 842 3536 ΙΙ
879 3467 978 3528 θῶας
996 3464 1119 3538 <καλ>ε
1149 3467 1159 3536 1]

149 3541 184 3592 20
202 3537 251 3592 ἅτε
270 3545 319 3591 τοῦ
339 3537 407 3600 Διὸς
424 3536 506 3592 Είίσι·

202 3637 346 3676 Εειοτιττε.
983 3628 1000 3673 4
