2636 3930
151 209 208 264 (m,
223 213 256 265 τι,
271 208 360 260 ιι-α)
462 201 616 255 Rumon
632 203 773 258 TP1TON.
801 200 858 256 ω’.
1099 202 1165 267 293

148 363 331 446 πενόμενον
363 362 383 446 ἢ
416 364 604 442 δικάζοντας
643 359 713 428 εἶτά
747 388 804 448 μοι
835 362 948 441 θέλεις
979 365 1024 442 ὡς
1056 367 1164 448 φυτὸν

148 476 402 554 προσηρτῆσθαι
425 483 494 548 τοῖς
517 471 630 548 αὐτοῖς
652 474 765 548 τόποις
787 469 842 536 καλ
865 473 1164 555 προσερριζῶσθαις

151 611 190 623 -
212 573 298 640 Ἡδὺ
322 575 385 664 γάρ
410 576 488 642 ἐστι.
512 614 556 624 -
583 581 639 655 Τίς
663 579 703 642 οὔ
726 594 844 663 φησιυ;
875 576 1035 643 ἀλλὰκαὶ
1060 579 1164 661 ζωμὸς
1182 596 1216 645 37

147 682 232 766 ἡδύς
256 682 325 747 ἐστι
347 680 402 747 καλ
425 685 510 769 γυνη
534 685 617 769 καλὴ
641 684 706 768 ἡδύ
730 683 808 750 ἐστι.
849 688 885 749 τί
904 685 986 749 ἀλλο
1006 681 1164 768 λέγουσιν

119 789 186 854 ιοί
205 786 300 866 τέλος
321 789 517 875 ποιούμενοι
540 793 601 875 τὴν
624 791 766 875 ἡθονηνς

218 894 290 960 Οὐκ
312 895 460 981 αἰσθάνῃ
479 899 581 962 τίνων
599 895 790 980 ἀνθρώπων
808 899 927 982 φωνὴν
946 896 1088 982 ἀφηκας;
1113 897 1163 962 ὅτι
1182 915 1217 964 38

143 999 381 1084 Ἐπικουρείων
398 1000 454 1068 καὶ
471 1003 646 1082 κιναίδωνς
665 998 735 1068 εἶτα
754 1003 794 1067 τὰ
813 1001 950 1070 ἐκείνων
965 1006 1046 1089 ἔργα
1059 1003 1164 1089 πράσ-

148 1125 219 1173 σων
248 1105 303 1172 καλ
332 1109 372 1172 τά
403 1110 550 1194 δόγματα
581 1112 666 1194 έχων
695 1113 773 1187 τοὺς
802 1112 923 1194 λόγους
949 1109 1029 1194 ἡμῖν
1058 1106 1164 1193 λέγεις

145 1216 226 1291 τοὺς
258 1217 416 1298 Ζήνωνος
452 1213 508 1280 καὶ
540 1216 755 1302 Σωκράτους;
793 1216 855 1282 οὐκ
891 1215 1087 1303 άπορρίψεις
1118 1216 1164 1293 ὡς

106 1347 133 1386 ιο
147 1320 341 1408 μακροτάτω
368 1321 408 1385 τὰ
435 1320 607 1407 ἀλλότρια,
635 1313 685 1398 οἷς
711 1329 816 1406 κοσμῇ
844 1320 950 1406 μηθέν
978 1339 1032 1388 σοι
1060 1338 1163 1408 προσ-

147 1431 303 1511 ηκουσιν;
339 1425 360 1510 ἢ
397 1431 432 1492 τί
464 1429 546 1493 ἀλλο
578 1425 739 1494 θέλουσιν
775 1426 896 1493 ἐκεῖνοι
929 1428 950 1512 ἢ
982 1429 1163 1494 καθεύθειν
1182 1449 1216 1498 39

147 1532 423 1617 άπαραποθίστως
445 1532 500 1598 καὶ
523 1531 778 1616 ἀναυαγκάστως
800 1533 854 1599 καλ
885 1534 1085 1611 ἀναστάντες
1108 1531 1160 1618 ἐφ’

146 1640 286 1724 ἡσυχίας
303 1642 538 1724 χασμησασθαι
552 1637 608 1705 καὶ
626 1643 664 1705 τὸ
678 1641 858 1725 πρόσωπον
874 1639 1074 1723 ἀποπλῦναι,
1093 1635 1163 1704 εἶτα

147 1746 274 1832 γράψαι
296 1743 351 1811 καὶ
374 1744 566 1830 ἀναγνῶναι
589 1746 610 1812 ἀ
632 1745 806 1829 θέλουσιν,
829 1741 899 1812 εἶτα
921 1749 1115 1832 φλυαρῆσαί
1131 1749 1167 1810 τί

109 1876 134 1918 ιι
147 1850 221 1918 ποτ’
249 1852 482 1938 ἐπαινούμενοι
510 1853 574 1919 ὑπὸ
603 1864 672 1946 τῶν
699 1843 807 1939 φίλων
834 1853 852 1918 ὅ
880 1876 913 1918 τι
940 1852 983 1918 ἀν
1010 1850 1164 1937 λέγωσιν,

147 1954 218 2025 εἶτα
245 1962 292 2037 είς
318 1963 499 2046 περίπατον
526 1963 749 2046 προελθόντες
775 1958 830 2026 καὶ
863 1960 959 2043 ὀλίγα
986 1961 1163 2047 περιπατη-

147 2081 265 2142 σαντες
287 2067 486 2150 λούσασθαι,
509 2061 578 2133 εἶτα
601 2079 732 2152 φαγεῖν,
757 2063 825 2133 εἶτα
847 2073 1064 2151 κοιμηθῆναι,
1087 2067 1163 2131 οἵαν

147 2173 190 2256 δὴ
218 2175 332 2256 κοίτην
359 2174 539 2238 καθεύδειν
566 2177 644 2250 τοὺς
675 2174 847 2250 τοιούτους
876 2175 964 2250 είκός
990 2209 1035 2221 -
1061 2175 1097 2236 τί
1121 2173 1163 2237 ἀν

146 2301 197 2355 τις
219 2275 325 2360 λέγοις
350 2277 453 2357 ἔξεστι
477 2281 539 2363 γάρ
558 2283 803 2366 τεκμαίρεσθαι.
840 2281 910 2362 ἀγε,
932 2276 1012 2365 φέρε
1031 2302 1087 2363 μοι
1106 2277 1161 2343 καλ
1181 2300 1215 2348 4ο

105 2409 133 2450 ω
147 2387 190 2450 σὺ
213 2385 275 2468 τὴν
298 2394 424 2450 σαυτοῦ
447 2386 621 2471 διατριβὴν
641 2385 684 2468 ἣν
701 2391 831 2469 ποθεῖς,
856 2385 980 2468 ζηλωτὰ
1003 2393 1060 2469 τῆς
1083 2383 1162 2468 ἀλη-

147 2494 244 2568 θείας
272 2488 328 2556 καὶ
361 2491 561 2577 Σωκράτους
592 2490 647 2556 καὶ
675 2490 869 2574 Διογένους.
919 2492 954 2554 τί
982 2487 1093 2568 θέλεις
1126 2489 1162 2554 έν

144 2596 302 2680 Ἀθήναις
332 2607 456 2678 ποιείν;
489 2607 591 2664 ταῦτα
623 2597 720 2676 αὐτάς
753 2601 798 2682 μή
831 2621 863 2662 τι
894 2595 1002 2683 ἕτερας
1035 2599 1069 2660 τί
1099 2589 1160 2660 οὖν
1181 2617 1213 2664 41

148 2706 301 2770 Στωικὸν
328 2707 452 2771 σαυτὸν
481 2698 566 2769 εἶναι
597 2702 718 2787 λέγεις;
751 2699 821 2769 εἶτα
849 2701 884 2768 οί
913 2698 975 2786 μὲν
1001 2711 1060 2788 τῆς
1086 2698 1161 2767 Ῥω-

148 2813 255 2894 μαίων
286 2815 453 2888 πολιτείας
488 2812 773 2897 καταψευδόμενοι
803 2810 997 2888 κολάζονται
1028 2819 1162 2894 πικρῶς,

107 2938 134 2980 ει
147 2919 225 2993 τοὺς
258 2914 288 2982 δ’
321 2917 407 2983 οὕτω
440 2917 585 3002 μεγάλου
617 2916 671 2982 καλ
700 2927 824 3001 σεμνοῦ
850 2913 1163 3001 καταψευδομένους

147 3024 338 3111 πράγματος
364 3022 416 3088 καὶ
447 3024 609 3108 ὀνόματος
640 3022 775 3113 ἀθῴους
802 3023 1067 3090 ἀπαλλάττεσθαι
1095 3023 1164 3100 δεῖς
1294 3095 1297 3100 ,

221 3276 236 3324 ’λ
256 3268 493 3338 cf.Lae1·t.Diog.
510 3274 552 3337 10,
567 3275 596 3324 6:
622 3268 786 3338 Ἐπίκτητός
803 3288 833 3324 τε
857 3268 1055 3339 κιναιδολόγον
1074 3267 1161 3322 αὐτὸν

148 3341 295 3396 καλεῖταί
313 3339 348 3394 τὰ
367 3339 486 3410 μάλιστα
504 3342 634 3410 λοιδορεῖ.

221 3577 255 3627 10
273 3569 362 3642 μηθέν
381 3587 426 3626 σοι
444 3571 489 3632 Sa:
508 3571 628 3641 μηδενὸς
647 3571 669 3628 S
702 3575 712 3644 ψ
750 3576 781 3626 18
801 3570 836 3641 θη
857 3571 904 3633 ἀει
923 3571 1009 3627 «ms
