<?xml version="1.0" encoding="UTF-8"?>
<!DOCTYPE html PUBLIC "-//W3C//DTD XHTML 1.0 Transitional//EN"
    "http://www.w3.org/TR/xhtml1/DTD/xhtml1-transitional.dtd">
<html xmlns="http://www.w3.org/1999/xhtml" xml:lang="en" lang="en">
 <head>
  <title>
</title>
<meta http-equiv="Content-Type" content="text/html;charset=utf-8" />
  <meta name='ocr-system' content='tesseract 3.04.00' />
  <meta name='ocr-capabilities' content='ocr_page ocr_carea ocr_par ocr_line ocrx_word'/>
</head>
<body>
  <div class='ocr_page' id='page_1' title='image "./dissertationesa00epicgoog/dissertationesa00epicgoog_0331.png"; bbox 0 0 2636 3930; ppageno 0'>
   <div class='ocr_carea' id='block_1_1' title="bbox 189 208 1058 274">
    <p class='ocr_par' dir='ltr' id='par_1_1' title="bbox 189 208 1058 274">
     <span class='ocr_line' id='line_1_1' title="bbox 189 208 1058 274; baseline -0.005 -8"><span class='ocrx_word' id='word_1_1' title='bbox 189 209 255 274; x_wconf 85' lang='grc'><strong><em>236</em></strong></span> <span class='ocrx_word' id='word_1_2' title='bbox 336 211 518 263; x_wconf 79' lang='grc' dir='ltr'>ΑΡΡΙΑΝΟΤ</span> <span class='ocrx_word' id='word_1_3' title='bbox 536 209 610 262; x_wconf 80' lang='grc' dir='ltr'><strong><em>ΤΩΝ</em></strong></span> <span class='ocrx_word' id='word_1_4' title='bbox 629 209 846 260; x_wconf 79' lang='grc' dir='ltr'>ΕΠΙΚΤΗΤΟΤ</span> <span class='ocrx_word' id='word_1_5' title='bbox 863 208 1058 262; x_wconf 77' lang='grc' dir='ltr'>ΔΙΑΤΡΙΒΩΝ</span> 
     </span>
    </p>
   </div>
   <div class='ocr_carea' id='block_1_2' title="bbox 153 362 1131 617">
    <p class='ocr_par' dir='ltr' id='par_1_2' title="bbox 153 362 1131 617">
     <span class='ocr_line' id='line_1_2' title="bbox 153 362 1131 440; baseline -0.002 -18"><span class='ocrx_word' id='word_1_6' title='bbox 153 373 169 422; x_wconf 86' lang='grc'><strong>3</strong></span> <span class='ocrx_word' id='word_1_7' title='bbox 262 369 312 439; x_wconf 66' lang='grc' dir='ltr'><strong><em>’πῇ</em></strong></span> <span class='ocrx_word' id='word_1_8' title='bbox 331 364 472 440; x_wconf 80' lang='grc' dir='ltr'><strong><em>παρέβην;</em></strong></span> <span class='ocrx_word' id='word_1_9' title='bbox 491 363 518 422; x_wconf 89' lang='grc' dir='ltr'><strong><em>τί</em></strong></span> <span class='ocrx_word' id='word_1_10' title='bbox 536 362 564 422; x_wconf 76' lang='grc' dir='ltr'><strong><em>θ’</em></strong></span> <span class='ocrx_word' id='word_1_11' title='bbox 586 364 681 438; x_wconf 72' lang='grc' dir='ltr'><strong><em>ἔρεξας</em></strong></span> <span class='ocrx_word' id='word_1_12' title='bbox 700 363 728 422; x_wconf 88' lang='grc' dir='ltr'><strong><em>τί</em></strong></span> <span class='ocrx_word' id='word_1_13' title='bbox 746 387 794 437; x_wconf 86' lang='grc' dir='ltr'><strong><em>μοι</em></strong></span> <span class='ocrx_word' id='word_1_14' title='bbox 812 363 879 422; x_wconf 80' lang='grc' dir='ltr'><strong><em>δέον</em></strong></span> <span class='ocrx_word' id='word_1_15' title='bbox 897 367 931 422; x_wconf 74' lang='grc' dir='ltr'><strong><em>οὐ</em></strong></span> <span class='ocrx_word' id='word_1_16' title='bbox 950 365 1131 434; x_wconf 82' lang='grc' dir='ltr'><strong><em>ιετέλεσται;’</em></strong></span> 
     </span>
     <span class='ocr_line' id='line_1_3' title="bbox 261 450 1024 526; baseline 0 -16"><span class='ocrx_word' id='word_1_17' title='bbox 261 455 417 526; x_wconf 77' lang='grc' dir='ltr'><strong><em>ἀρξάμενος</em></strong></span> <span class='ocrx_word' id='word_1_18' title='bbox 436 453 464 510; x_wconf 76' lang='grc' dir='ltr'><strong><em>θ’</em></strong></span> <span class='ocrx_word' id='word_1_19' title='bbox 485 456 542 510; x_wconf 79' lang='grc' dir='ltr'><strong><em>ἀπὸ</em></strong></span> <span class='ocrx_word' id='word_1_20' title='bbox 561 457 643 510; x_wconf 79' lang='grc' dir='ltr'><strong><em>τοῦδε</em></strong></span> <span class='ocrx_word' id='word_1_21' title='bbox 663 450 788 522; x_wconf 82' lang='grc' dir='ltr'><strong><em>έπέξιθι·</em></strong></span> <span class='ocrx_word' id='word_1_22' title='bbox 808 455 857 510; x_wconf 82' lang='grc' dir='ltr'><strong><em>καί</em></strong></span> <span class='ocrx_word' id='word_1_23' title='bbox 876 452 1024 525; x_wconf 85' lang='grc' dir='ltr'><strong><em>μετέπειτα</em></strong></span> 
     </span>
     <span class='ocr_line' id='line_1_4' title="bbox 260 539 1072 617; baseline 0 -18"><span class='ocrx_word' id='word_1_24' title='bbox 260 544 340 599; x_wconf 76' lang='grc' dir='ltr'><strong><em>δειλὰ</em></strong></span> <span class='ocrx_word' id='word_1_25' title='bbox 358 544 410 617; x_wconf 75' lang='grc' dir='ltr'><strong><em>μὲν</em></strong></span> <span class='ocrx_word' id='word_1_26' title='bbox 429 539 569 617; x_wconf 78' lang='grc' dir='ltr'><strong><em>έκπρήξας</em></strong></span> <span class='ocrx_word' id='word_1_27' title='bbox 588 540 765 613; x_wconf 81' lang='grc' dir='ltr'><strong><em>ἐπιπλήσσει,</em></strong></span> <span class='ocrx_word' id='word_1_28' title='bbox 784 544 890 615; x_wconf 85' lang='grc' dir='ltr'><strong><em>χρηστὰ</em></strong></span> <span class='ocrx_word' id='word_1_29' title='bbox 908 544 940 599; x_wconf 71' lang='grc' dir='ltr'><strong><em>δὲ</em></strong></span> <span class='ocrx_word' id='word_1_30' title='bbox 959 543 1072 615; x_wconf 87' lang='grc' dir='ltr'><strong><em>τέρπου.</em></strong></span> 
     </span>
    </p>
   </div>
   <div class='ocr_carea' id='block_1_3' title="bbox 142 669 1314 2775">
    <p class='ocr_par' dir='ltr' id='par_1_3' title="bbox 142 669 1314 2775">
     <span class='ocr_line' id='line_1_5' title="bbox 154 669 1207 759; baseline -0.004 -19"><span class='ocrx_word' id='word_1_31' title='bbox 154 669 245 740; x_wconf 70' lang='grc' dir='ltr'><strong><em>ικαὶ</em></strong></span> <span class='ocrx_word' id='word_1_32' title='bbox 268 673 406 748; x_wconf 78' lang='grc' dir='ltr'><em>τούτους</em></span> <span class='ocrx_word' id='word_1_33' title='bbox 427 674 507 749; x_wconf 87' lang='grc' dir='ltr'><strong><em>τοὺς</em></strong></span> <span class='ocrx_word' id='word_1_34' title='bbox 530 675 661 759; x_wconf 80' lang='grc' dir='ltr'><strong><em>στίχους</em></strong></span> <span class='ocrx_word' id='word_1_35' title='bbox 683 669 832 758; x_wconf 80' lang='grc' dir='ltr'><strong><em>κατέχειν</em></strong></span> <span class='ocrx_word' id='word_1_36' title='bbox 849 682 1043 758; x_wconf 80' lang='grc' dir='ltr'><strong><em>χρηστικῶς,</em></strong></span> <span class='ocrx_word' id='word_1_37' title='bbox 1065 670 1128 756; x_wconf 84' lang='grc' dir='ltr'><strong><em>οὐχ</em></strong></span> <span class='ocrx_word' id='word_1_38' title='bbox 1150 672 1207 736; x_wconf 78' lang='grc' dir='ltr'><strong><em>ἵνα</em></strong></span> 
     </span>
     <span class='ocr_line' id='line_1_6' title="bbox 190 774 1310 876; baseline -0.002 -32"><span class='ocrx_word' id='word_1_39' title='bbox 190 774 234 844; x_wconf 77' lang='grc' dir='ltr'><strong><em>δι’</em></strong></span> <span class='ocrx_word' id='word_1_40' title='bbox 262 777 372 844; x_wconf 83' lang='grc' dir='ltr'><strong><em>αὐτῶν</em></strong></span> <span class='ocrx_word' id='word_1_41' title='bbox 399 777 645 864; x_wconf 79' lang='grc' dir='ltr'><strong><em>ἀναφωνῶμεν,</em></strong></span> <span class='ocrx_word' id='word_1_42' title='bbox 675 778 720 855; x_wconf 81' lang='grc' dir='ltr'><strong><em>ὡς</em></strong></span> <span class='ocrx_word' id='word_1_43' title='bbox 748 779 804 844; x_wconf 79' lang='grc' dir='ltr'><strong><em>διὰ</em></strong></span> <span class='ocrx_word' id='word_1_44' title='bbox 831 787 892 844; x_wconf 87' lang='grc' dir='ltr'><strong><em>τοῦ</em></strong></span> <span class='ocrx_word' id='word_1_45' title='bbox 915 779 1046 844; x_wconf 80' lang='grc' dir='ltr'><strong><em>Παιὰν</em></strong></span> <span class='ocrx_word' id='word_1_46' title='bbox 1065 774 1206 843; x_wconf 80' lang='grc' dir='ltr'><strong><em>’Ἀπολ-</em></strong></span> <span class='ocrx_word' id='word_1_47' title='bbox 1232 802 1245 842; x_wconf 84' lang='lat'>5</span> <span class='ocrx_word' id='word_1_48' title='bbox 1304 823 1310 876; x_wconf 49' lang='grc' dir='ltr'><strong><em>ρ</em></strong></span> 
     </span>
     <span class='ocr_line' id='line_1_7' title="bbox 154 882 1206 973; baseline -0.005 -20"><span class='ocrx_word' id='word_1_49' title='bbox 154 904 170 954; x_wconf 80' lang='grc' dir='ltr'><strong><em>ι</em></strong></span> <span class='ocrx_word' id='word_1_50' title='bbox 189 891 268 952; x_wconf 89' lang='grc' dir='ltr'><strong><em>λον.</em></strong></span> <span class='ocrx_word' id='word_1_51' title='bbox 313 885 414 951; x_wconf 83' lang='grc' dir='ltr'><strong><em>πάλιν</em></strong></span> <span class='ocrx_word' id='word_1_52' title='bbox 437 884 475 951; x_wconf 89' lang='grc' dir='ltr'><strong><em>έν</em></strong></span> <span class='ocrx_word' id='word_1_53' title='bbox 497 894 627 973; x_wconf 75' lang='grc' dir='ltr'><strong><em>πυρετῷ</em></strong></span> <span class='ocrx_word' id='word_1_54' title='bbox 654 886 694 950; x_wconf 84' lang='grc' dir='ltr'><strong><em>τιλ</em></strong></span> <span class='ocrx_word' id='word_1_55' title='bbox 716 886 798 971; x_wconf 86' lang='grc' dir='ltr'><strong><em>πρὸς</em></strong></span> <span class='ocrx_word' id='word_1_56' title='bbox 820 893 931 951; x_wconf 87' lang='grc' dir='ltr'><strong><em>τοῦτο·</em></strong></span> <span class='ocrx_word' id='word_1_57' title='bbox 956 886 1017 969; x_wconf 81' lang='grc' dir='ltr'><strong><em>μή,</em></strong></span> <span class='ocrx_word' id='word_1_58' title='bbox 1040 883 1082 949; x_wconf 76' lang='grc' dir='ltr'><strong><em>ἂν</em></strong></span> <span class='ocrx_word' id='word_1_59' title='bbox 1104 882 1206 970; x_wconf 90' lang='grc' dir='ltr'><strong><em>πυρέ-</em></strong></span> 
     </span>
     <span class='ocr_line' id='line_1_8' title="bbox 190 989 1205 1078; baseline -0.003 -20"><span class='ocrx_word' id='word_1_60' title='bbox 190 993 313 1078; x_wconf 82' lang='grc' dir='ltr'><strong><em>ξωμεν,</em></strong></span> <span class='ocrx_word' id='word_1_61' title='bbox 344 989 479 1077; x_wconf 81' lang='grc' dir='ltr'><strong><em>ἀφιέναι</em></strong></span> <span class='ocrx_word' id='word_1_62' title='bbox 511 992 618 1057; x_wconf 79' lang='grc' dir='ltr'><strong><em>πάντα</em></strong></span> <span class='ocrx_word' id='word_1_63' title='bbox 653 989 709 1057; x_wconf 81' lang='grc' dir='ltr'><strong><em>καὶ</em></strong></span> <span class='ocrx_word' id='word_1_64' title='bbox 732 991 1032 1058; x_wconf 73' lang='grc' dir='ltr'><strong><em>ἐπιλανθάνεσθαι·</em></strong></span> <span class='ocrx_word' id='word_1_65' title='bbox 1060 989 1116 1056; x_wconf 62' lang='grc' dir='ltr'><strong><em>’ἂν</em></strong></span> <span class='ocrx_word' id='word_1_66' title='bbox 1140 989 1205 1074; x_wconf 82' lang='grc' dir='ltr'><strong><em>ἐγὼ</em></strong></span> 
     </span>
     <span class='ocr_line' id='line_1_9' title="bbox 142 1093 1206 1184; baseline -0.003 -20"><span class='ocrx_word' id='word_1_67' title='bbox 142 1145 149 1148; x_wconf 93' lang='grc'>-</span> <span class='ocrx_word' id='word_1_68' title='bbox 190 1102 238 1164; x_wconf 78' lang='grc' dir='ltr'><strong><em>ἔτι</em></strong></span> <span class='ocrx_word' id='word_1_69' title='bbox 265 1100 499 1184; x_wconf 77' lang='grc' dir='ltr'><strong><em>φιλοσοφησω,</em></strong></span> <span class='ocrx_word' id='word_1_70' title='bbox 532 1097 550 1162; x_wconf 84' lang='grc' dir='ltr'>ὃ</span> <span class='ocrx_word' id='word_1_71' title='bbox 582 1097 676 1164; x_wconf 88' lang='grc' dir='ltr'><strong><em>θέλει</em></strong></span> <span class='ocrx_word' id='word_1_72' title='bbox 708 1095 865 1182; x_wconf 91' lang='grc' dir='ltr'><strong><em>γινέσθω.</em></strong></span> <span class='ocrx_word' id='word_1_73' title='bbox 910 1098 976 1164; x_wconf 87' lang='grc' dir='ltr'><strong><em>πού</em></strong></span> <span class='ocrx_word' id='word_1_74' title='bbox 1003 1093 1076 1164; x_wconf 88' lang='grc' dir='ltr'><strong><em>ποτ’</em></strong></span> <span class='ocrx_word' id='word_1_75' title='bbox 1106 1095 1206 1162; x_wconf 79' lang='grc' dir='ltr'><strong><em>ἀπελ-</em></strong></span> 
     </span>
     <span class='ocr_line' id='line_1_10' title="bbox 191 1202 1312 1296; baseline -0.003 -26"><span class='ocrx_word' id='word_1_76' title='bbox 191 1208 298 1270; x_wconf 90' lang='grc' dir='ltr'><strong><em>θόντα</em></strong></span> <span class='ocrx_word' id='word_1_77' title='bbox 321 1213 381 1270; x_wconf 86' lang='grc' dir='ltr'><strong><em>τοῦ</em></strong></span> <span class='ocrx_word' id='word_1_78' title='bbox 404 1207 573 1288; x_wconf 83' lang='grc' dir='ltr'><strong><em>σωματίου</em></strong></span> <span class='ocrx_word' id='word_1_79' title='bbox 597 1202 825 1289; x_wconf 78' lang='grc' dir='ltr'><strong><em>ἐπιμελεῖσθαι</em></strong></span> <span class='ocrx_word' id='word_1_80' title='bbox 847 1205 922 1288; x_wconf 58' lang='grc' dir='ltr'><strong><em>ἠεί</em></strong></span> <span class='ocrx_word' id='word_1_81' title='bbox 939 1227 973 1270; x_wconf 86' lang='grc' dir='ltr'><strong><em>τε</em></strong></span> <span class='ocrx_word' id='word_1_82' title='bbox 991 1202 1046 1269; x_wconf 81' lang='grc' dir='ltr'><strong><em>καὶ</em></strong></span> <span class='ocrx_word' id='word_1_83' title='bbox 1063 1204 1206 1289; x_wconf 85' lang='grc' dir='ltr'><strong><em>πυρετὸς</em></strong></span> <span class='ocrx_word' id='word_1_84' title='bbox 1311 1252 1312 1296; x_wconf 64' lang='grc'><strong><em>,</em></strong></span> 
     </span>
     <span class='ocr_line' id='line_1_11' title="bbox 156 1306 1248 1397; baseline -0.005 -18"><span class='ocrx_word' id='word_1_85' title='bbox 156 1332 172 1379; x_wconf 85' lang='grc'><strong>6</strong></span> <span class='ocrx_word' id='word_1_86' title='bbox 191 1311 253 1375; x_wconf 85' lang='grc' dir='ltr'><strong><em>οὐκ</em></strong></span> <span class='ocrx_word' id='word_1_87' title='bbox 276 1312 410 1395; x_wconf 83' lang='grc' dir='ltr'><strong><em>ἔρχεται.</em></strong></span> <span class='ocrx_word' id='word_1_88' title='bbox 455 1313 493 1376; x_wconf 93' lang='grc' dir='ltr'><strong><em>τὸ</em></strong></span> <span class='ocrx_word' id='word_1_89' title='bbox 519 1306 558 1375; x_wconf 70' lang='grc' dir='ltr'><strong><em>δὲ</em></strong></span> <span class='ocrx_word' id='word_1_90' title='bbox 581 1315 807 1396; x_wconf 80' lang='grc' dir='ltr'><strong><em>φιλοσοφῆσαι</em></strong></span> <span class='ocrx_word' id='word_1_91' title='bbox 825 1314 861 1376; x_wconf 86' lang='grc' dir='ltr'><strong><em>τί</em></strong></span> <span class='ocrx_word' id='word_1_92' title='bbox 877 1310 982 1390; x_wconf 87' lang='grc' dir='ltr'><strong><em>έστιν;</em></strong></span> <span class='ocrx_word' id='word_1_93' title='bbox 1006 1308 1082 1397; x_wconf 81' lang='grc' dir='ltr'><strong><em>οὐχὶ</em></strong></span> <span class='ocrx_word' id='word_1_94' title='bbox 1100 1331 1206 1396; x_wconf 83' lang='grc' dir='ltr'><strong><em>παρα·</em></strong></span> <span class='ocrx_word' id='word_1_95' title='bbox 1221 1333 1248 1373; x_wconf 86' lang='lat'><strong><em>10</em></strong></span> 
     </span>
     <span class='ocr_line' id='line_1_12' title="bbox 192 1417 1206 1504; baseline -0.002 -22"><span class='ocrx_word' id='word_1_96' title='bbox 192 1417 418 1483; x_wconf 79' lang='grc' dir='ltr'><strong><em>σκευάσασθαι</em></strong></span> <span class='ocrx_word' id='word_1_97' title='bbox 440 1418 524 1502; x_wconf 88' lang='grc' dir='ltr'><strong><em>πρὸς</em></strong></span> <span class='ocrx_word' id='word_1_98' title='bbox 545 1417 586 1482; x_wconf 82' lang='grc' dir='ltr'><strong><em>τὰ</em></strong></span> <span class='ocrx_word' id='word_1_99' title='bbox 610 1421 851 1502; x_wconf 81' lang='grc' dir='ltr'><strong><em>συμβαίνοντα;</em></strong></span> <span class='ocrx_word' id='word_1_100' title='bbox 876 1418 917 1484; x_wconf 86' lang='grc' dir='ltr'><strong><em>οὐ</em></strong></span> <span class='ocrx_word' id='word_1_101' title='bbox 939 1420 1206 1504; x_wconf 73' lang='grc' dir='ltr'><strong><em>παρακολουθεῖς</em></strong></span> 
     </span>
     <span class='ocr_line' id='line_1_13' title="bbox 191 1517 1206 1608; baseline -0.002 -20"><span class='ocrx_word' id='word_1_102' title='bbox 191 1517 265 1608; x_wconf 88' lang='grc' dir='ltr'><strong><em>οὖν,</em></strong></span> <span class='ocrx_word' id='word_1_103' title='bbox 289 1523 339 1588; x_wconf 82' lang='grc' dir='ltr'><strong><em>ὅτι</em></strong></span> <span class='ocrx_word' id='word_1_104' title='bbox 363 1526 516 1590; x_wconf 85' lang='grc' dir='ltr'><strong><em>τοιοῦτόν</em></strong></span> <span class='ocrx_word' id='word_1_105' title='bbox 537 1547 570 1589; x_wconf 90' lang='grc' dir='ltr'><strong><em>τι</em></strong></span> <span class='ocrx_word' id='word_1_106' title='bbox 593 1521 699 1606; x_wconf 85' lang='grc' dir='ltr'><strong><em>λέγεις</em></strong></span> <span class='ocrx_word' id='word_1_107' title='bbox 721 1523 776 1589; x_wconf 66' lang='grc' dir='ltr'><strong><em>είιλν</em></strong></span> <span class='ocrx_word' id='word_1_108' title='bbox 798 1525 846 1588; x_wconf 84' lang='grc' dir='ltr'><strong><em>ἔτι</em></strong></span> <span class='ocrx_word' id='word_1_109' title='bbox 867 1521 931 1606; x_wconf 84' lang='grc' dir='ltr'><strong><em>ἐγὼ</em></strong></span> <span class='ocrx_word' id='word_1_110' title='bbox 949 1521 1206 1605; x_wconf 78' lang='grc' dir='ltr'><strong><em>παρασκευάσω-</em></strong></span> 
     </span>
     <span class='ocr_line' id='line_1_14' title="bbox 191 1625 1207 1718; baseline -0.003 -23"><span class='ocrx_word' id='word_1_111' title='bbox 191 1653 250 1714; x_wconf 89' lang='grc' dir='ltr'><strong><em>μαι</em></strong></span> <span class='ocrx_word' id='word_1_112' title='bbox 276 1633 359 1716; x_wconf 89' lang='grc' dir='ltr'><strong><em>πρὸς</em></strong></span> <span class='ocrx_word' id='word_1_113' title='bbox 386 1633 423 1697; x_wconf 88' lang='grc' dir='ltr'><strong><em>τὸ</em></strong></span> <span class='ocrx_word' id='word_1_114' title='bbox 451 1627 565 1718; x_wconf 82' lang='grc' dir='ltr'><strong><em>πρᾴως</em></strong></span> <span class='ocrx_word' id='word_1_115' title='bbox 591 1629 707 1716; x_wconf 89' lang='grc' dir='ltr'><strong><em>φέρειν</em></strong></span> <span class='ocrx_word' id='word_1_116' title='bbox 733 1631 774 1694; x_wconf 79' lang='grc' dir='ltr'><strong><em>τὰ</em></strong></span> <span class='ocrx_word' id='word_1_117' title='bbox 797 1633 1040 1714; x_wconf 83' lang='grc' dir='ltr'><strong><em>συμβαίνοντα,</em></strong></span> <span class='ocrx_word' id='word_1_118' title='bbox 1069 1627 1088 1694; x_wconf 82' lang='grc' dir='ltr'><strong><em>ὃ</em></strong></span> <span class='ocrx_word' id='word_1_119' title='bbox 1111 1625 1207 1692; x_wconf 87' lang='grc' dir='ltr'><strong><em>θέλει</em></strong></span> 
     </span>
     <span class='ocr_line' id='line_1_15' title="bbox 191 1728 1206 1820; baseline -0.002 -20"><span class='ocrx_word' id='word_1_120' title='bbox 191 1735 350 1820; x_wconf 86' lang='grc' dir='ltr'><strong><em>γινέσθω’</em></strong></span> <span class='ocrx_word' id='word_1_121' title='bbox 357 1763 366 1816; x_wconf 83' lang='lat'>3</span> <span class='ocrx_word' id='word_1_122' title='bbox 401 1728 474 1803; x_wconf 83' lang='grc' dir='ltr'><strong><em>οἷον</em></strong></span> <span class='ocrx_word' id='word_1_123' title='bbox 507 1743 542 1803; x_wconf 77' lang='grc' dir='ltr'><strong><em>εἴ</em></strong></span> <span class='ocrx_word' id='word_1_124' title='bbox 568 1759 618 1813; x_wconf 91' lang='grc' dir='ltr'><strong><em>τις</em></strong></span> <span class='ocrx_word' id='word_1_125' title='bbox 648 1736 775 1819; x_wconf 77' lang='grc' dir='ltr'><strong><em>πληγὰς</em></strong></span> <span class='ocrx_word' id='word_1_126' title='bbox 807 1736 920 1820; x_wconf 82' lang='grc' dir='ltr'><strong><em>λαβὼν</em></strong></span> <span class='ocrx_word' id='word_1_127' title='bbox 952 1732 1113 1818; x_wconf 78' lang='grc' dir='ltr'><strong><em>ἀποσταίη</em></strong></span> <span class='ocrx_word' id='word_1_128' title='bbox 1145 1742 1206 1799; x_wconf 86' lang='grc' dir='ltr'><strong><em>τοῦ</em></strong></span> 
     </span>
     <span class='ocr_line' id='line_1_16' title="bbox 157 1837 1247 1930; baseline -0.008 -17"><span class='ocrx_word' id='word_1_129' title='bbox 157 1844 452 1930; x_wconf 72' lang='grc' dir='ltr'><strong><em>ιπαγκρατιολζειν.</em></strong></span> <span class='ocrx_word' id='word_1_130' title='bbox 490 1840 561 1908; x_wconf 80' lang='grc' dir='ltr'><strong><em>ἀλλ’</em></strong></span> <span class='ocrx_word' id='word_1_131' title='bbox 586 1841 655 1907; x_wconf 81' lang='grc' dir='ltr'><strong><em>ἐκεῖ</em></strong></span> <span class='ocrx_word' id='word_1_132' title='bbox 670 1837 731 1925; x_wconf 69' lang='grc' dir='ltr'><strong><em>μὲν</em></strong></span> <span class='ocrx_word' id='word_1_133' title='bbox 750 1839 853 1918; x_wconf 86' lang='grc' dir='ltr'><strong><em>έξεστι</em></strong></span> <span class='ocrx_word' id='word_1_134' title='bbox 876 1845 1058 1906; x_wconf 86' lang='grc' dir='ltr'><strong><em>καταλῦσαι</em></strong></span> <span class='ocrx_word' id='word_1_135' title='bbox 1080 1838 1135 1906; x_wconf 84' lang='grc' dir='ltr'><strong><em>καλ</em></strong></span> <span class='ocrx_word' id='word_1_136' title='bbox 1160 1841 1205 1924; x_wconf 75' lang='grc' dir='ltr'><strong><em>μὴ</em></strong></span> <span class='ocrx_word' id='word_1_137' title='bbox 1220 1862 1247 1904; x_wconf 81' lang='grc' dir='ltr'><strong><em>ιε</em></strong></span> 
     </span>
     <span class='ocr_line' id='line_1_17' title="bbox 193 1945 1314 2034; baseline -0.004 -20"><span class='ocrx_word' id='word_1_138' title='bbox 193 1947 367 2034; x_wconf 74' lang='grc' dir='ltr'><strong><em>δέρεσθαι,</em></strong></span> <span class='ocrx_word' id='word_1_139' title='bbox 396 1947 520 2014; x_wconf 76' lang='grc' dir='ltr'><strong><em>ἐνθάδε</em></strong></span> <span class='ocrx_word' id='word_1_140' title='bbox 550 1945 581 2015; x_wconf 75' lang='grc' dir='ltr'><strong><em>δ’</em></strong></span> <span class='ocrx_word' id='word_1_141' title='bbox 606 1947 648 2013; x_wconf 80' lang='grc' dir='ltr'><strong><em>λίυ</em></strong></span> <span class='ocrx_word' id='word_1_142' title='bbox 670 1948 907 2031; x_wconf 83' lang='grc' dir='ltr'><strong><em>καταλύσωμεν</em></strong></span> <span class='ocrx_word' id='word_1_143' title='bbox 932 1951 1207 2031; x_wconf 88' lang='grc' dir='ltr'><strong><em>φιλοσοφοῦντες,</em></strong></span> <span class='ocrx_word' id='word_1_144' title='bbox 1308 1961 1314 2010; x_wconf 78' lang='grc' dir='ltr'><strong><em>ι</em></strong></span> 
     </span>
     <span class='ocr_line' id='line_1_18' title="bbox 192 2048 1207 2138; baseline -0.003 -19"><span class='ocrx_word' id='word_1_145' title='bbox 192 2056 227 2119; x_wconf 95' lang='grc' dir='ltr'><strong><em>τί</em></strong></span> <span class='ocrx_word' id='word_1_146' title='bbox 248 2055 382 2138; x_wconf 74' lang='grc' dir='ltr'><strong><em>ὅφελοςς</em></strong></span> <span class='ocrx_word' id='word_1_147' title='bbox 413 2056 449 2118; x_wconf 92' lang='grc' dir='ltr'><strong><em>τί</em></strong></span> <span class='ocrx_word' id='word_1_148' title='bbox 472 2048 535 2118; x_wconf 79' lang='grc' dir='ltr'><strong><em>οὖν</em></strong></span> <span class='ocrx_word' id='word_1_149' title='bbox 560 2054 613 2118; x_wconf 76' lang='grc' dir='ltr'><strong><em>δεῖ</em></strong></span> <span class='ocrx_word' id='word_1_150' title='bbox 638 2050 748 2134; x_wconf 91' lang='grc' dir='ltr'><strong><em>λέγειν</em></strong></span> <span class='ocrx_word' id='word_1_151' title='bbox 771 2052 874 2118; x_wconf 81' lang='grc' dir='ltr'><strong><em>αὐτὸν</em></strong></span> <span class='ocrx_word' id='word_1_152' title='bbox 897 2049 947 2138; x_wconf 81' lang='grc' dir='ltr'><strong><em>ἐφ’</em></strong></span> <span class='ocrx_word' id='word_1_153' title='bbox 977 2049 1207 2118; x_wconf 78' lang='grc' dir='ltr'><strong><em>ἕκαστοντῶν</em></strong></span> 
     </span>
     <span class='ocr_line' id='line_1_19' title="bbox 192 2156 1206 2245; baseline -0.001 -20"><span class='ocrx_word' id='word_1_154' title='bbox 192 2157 354 2245; x_wconf 83' lang='grc' dir='ltr'><strong><em>τραχέων;</em></strong></span> <span class='ocrx_word' id='word_1_155' title='bbox 388 2158 439 2223; x_wconf 80' lang='grc' dir='ltr'><strong><em>ὅτι</em></strong></span> <span class='ocrx_word' id='word_1_156' title='bbox 467 2158 575 2225; x_wconf 64' lang='grc' dir='ltr'><strong><em>εἕνεκα</em></strong></span> <span class='ocrx_word' id='word_1_157' title='bbox 602 2159 723 2224; x_wconf 83' lang='grc' dir='ltr'><strong><em>τούτου</em></strong></span> <span class='ocrx_word' id='word_1_158' title='bbox 753 2157 995 2244; x_wconf 79' lang='grc' dir='ltr'><strong><em>έγυμναζόμην,</em></strong></span> <span class='ocrx_word' id='word_1_159' title='bbox 1027 2156 1081 2223; x_wconf 86' lang='grc' dir='ltr'><strong><em>ἐπὶ</em></strong></span> <span class='ocrx_word' id='word_1_160' title='bbox 1108 2168 1206 2225; x_wconf 87' lang='grc' dir='ltr'><strong><em>τοῦτο</em></strong></span> 
     </span>
     <span class='ocr_line' id='line_1_20' title="bbox 157 2263 1206 2350; baseline -0.004 -16"><span class='ocrx_word' id='word_1_161' title='bbox 157 2286 174 2335; x_wconf 85' lang='grc'>8</span> <span class='ocrx_word' id='word_1_162' title='bbox 194 2264 340 2350; x_wconf 74' lang='grc' dir='ltr'><strong><em>ἢσκουν’.</em></strong></span> <span class='ocrx_word' id='word_1_163' title='bbox 387 2266 404 2332; x_wconf 89' lang='grc' dir='ltr'><strong>ὁ</strong></span> <span class='ocrx_word' id='word_1_164' title='bbox 426 2268 508 2342; x_wconf 84' lang='grc' dir='ltr'><strong><em>θεός</em></strong></span> <span class='ocrx_word' id='word_1_165' title='bbox 531 2283 585 2331; x_wconf 89' lang='grc' dir='ltr'><strong><em>σοι</em></strong></span> <span class='ocrx_word' id='word_1_166' title='bbox 609 2263 697 2350; x_wconf 90' lang='grc' dir='ltr'><strong><em>λέγει</em></strong></span> <span class='ocrx_word' id='word_1_167' title='bbox 720 2265 790 2343; x_wconf 57' lang='grc' dir='ltr'><strong><em>*δός</em></strong></span> <span class='ocrx_word' id='word_1_168' title='bbox 813 2274 869 2350; x_wconf 82' lang='grc' dir='ltr'><strong><em>μοι</em></strong></span> <span class='ocrx_word' id='word_1_169' title='bbox 893 2263 1074 2349; x_wconf 76' lang='grc' dir='ltr'><strong><em>ἀπόδειξιν,</em></strong></span> <span class='ocrx_word' id='word_1_170' title='bbox 1097 2266 1129 2329; x_wconf 87' lang='grc' dir='ltr'><strong><em>εί</em></strong></span> <span class='ocrx_word' id='word_1_171' title='bbox 1149 2288 1206 2330; x_wconf 93' lang='grc' dir='ltr'><strong><em>νο-</em></strong></span> 
     </span>
     <span class='ocr_line' id='line_1_21' title="bbox 193 2371 1248 2458; baseline -0.004 -20"><span class='ocrx_word' id='word_1_172' title='bbox 193 2376 298 2457; x_wconf 85' lang='grc' dir='ltr'><strong><em>μίμως</em></strong></span> <span class='ocrx_word' id='word_1_173' title='bbox 320 2374 483 2457; x_wconf 73' lang='grc' dir='ltr'><strong><em>ἤθλησας,</em></strong></span> <span class='ocrx_word' id='word_1_174' title='bbox 506 2373 537 2438; x_wconf 86' lang='grc' dir='ltr'><strong><em>εί</em></strong></span> <span class='ocrx_word' id='word_1_175' title='bbox 559 2374 678 2458; x_wconf 84' lang='grc' dir='ltr'><strong><em>ἔφαγες</em></strong></span> <span class='ocrx_word' id='word_1_176' title='bbox 701 2371 763 2437; x_wconf 86' lang='grc' dir='ltr'><strong><em>ὅσα</em></strong></span> <span class='ocrx_word' id='word_1_177' title='bbox 787 2373 847 2453; x_wconf 74' lang='grc' dir='ltr'><strong><em>δεῖ,</em></strong></span> <span class='ocrx_word' id='word_1_178' title='bbox 878 2373 910 2437; x_wconf 87' lang='grc' dir='ltr'><strong><em>εί</em></strong></span> <span class='ocrx_word' id='word_1_179' title='bbox 931 2371 1154 2454; x_wconf 83' lang='grc' dir='ltr'><strong><em>έγυμνσίσθης,</em></strong></span> <span class='ocrx_word' id='word_1_180' title='bbox 1177 2373 1209 2436; x_wconf 87' lang='grc' dir='ltr'><strong><em>εί</em></strong></span> <span class='ocrx_word' id='word_1_181' title='bbox 1220 2395 1248 2434; x_wconf 86' lang='grc' dir='ltr'><strong><em>ω</em></strong></span> 
     </span>
     <span class='ocr_line' id='line_1_22' title="bbox 192 2472 1207 2562; baseline -0.003 -18"><span class='ocrx_word' id='word_1_182' title='bbox 192 2488 254 2545; x_wconf 87' lang='grc' dir='ltr'><strong><em>τοῦ</em></strong></span> <span class='ocrx_word' id='word_1_183' title='bbox 272 2477 428 2545; x_wconf 81' lang='grc' dir='ltr'><strong><em>ἀλείπτου</em></strong></span> <span class='ocrx_word' id='word_1_184' title='bbox 446 2476 615 2562; x_wconf 73' lang='grc' dir='ltr'><strong><em>ἤκουσας’·</em></strong></span> <span class='ocrx_word' id='word_1_185' title='bbox 639 2474 698 2543; x_wconf 77' lang='grc' dir='ltr'><strong><em>εἶτ’</em></strong></span> <span class='ocrx_word' id='word_1_186' title='bbox 720 2472 769 2544; x_wconf 80' lang='grc' dir='ltr'><strong><em>ἐπ’</em></strong></span> <span class='ocrx_word' id='word_1_187' title='bbox 791 2477 973 2543; x_wconf 85' lang='grc' dir='ltr'><strong><em>αὐτοῦτοῦ</em></strong></span> <span class='ocrx_word' id='word_1_188' title='bbox 992 2479 1091 2562; x_wconf 78' lang='grc' dir='ltr'><strong><em>ἔργου</em></strong></span> <span class='ocrx_word' id='word_1_189' title='bbox 1109 2500 1207 2542; x_wconf 89' lang='grc' dir='ltr'><strong><em>κατα-</em></strong></span> 
     </span>
     <span class='ocr_line' id='line_1_23' title="bbox 193 2582 1208 2671; baseline -0.004 -20"><span class='ocrx_word' id='word_1_190' title='bbox 193 2588 366 2671; x_wconf 73' lang='grc' dir='ltr'><strong><em>μαλακίζης</em></strong></span> <span class='ocrx_word' id='word_1_191' title='bbox 390 2595 456 2651; x_wconf 87' lang='grc' dir='ltr'><strong><em>νῦν</em></strong></span> <span class='ocrx_word' id='word_1_192' title='bbox 472 2593 534 2650; x_wconf 83' lang='grc' dir='ltr'><strong><em>τοῦ</em></strong></span> <span class='ocrx_word' id='word_1_193' title='bbox 552 2583 726 2671; x_wconf 85' lang='grc' dir='ltr'><strong><em>πυρέττειν</em></strong></span> <span class='ocrx_word' id='word_1_194' title='bbox 743 2586 857 2669; x_wconf 90' lang='grc' dir='ltr'><strong><em>καιρός</em></strong></span> <span class='ocrx_word' id='word_1_195' title='bbox 875 2582 955 2666; x_wconf 92' lang='grc' dir='ltr'><strong><em>ἐστι,</em></strong></span> <span class='ocrx_word' id='word_1_196' title='bbox 978 2593 1076 2650; x_wconf 87' lang='grc' dir='ltr'><strong><em>τοῦτο</em></strong></span> <span class='ocrx_word' id='word_1_197' title='bbox 1099 2588 1208 2660; x_wconf 85' lang='grc' dir='ltr'><strong><em>καλῶς</em></strong></span> 
     </span>
     <span class='ocr_line' id='line_1_24' title="bbox 150 2689 1207 2775; baseline 0 -20"><span class='ocrx_word' id='word_1_198' title='bbox 150 2694 156 2710; x_wconf 86' lang='grc'><em>’</em></span> <span class='ocrx_word' id='word_1_199' title='bbox 193 2689 353 2774; x_wconf 86' lang='grc' dir='ltr'><strong><em>γινέσθω·</em></strong></span> <span class='ocrx_word' id='word_1_200' title='bbox 381 2701 442 2757; x_wconf 82' lang='grc' dir='ltr'><strong><em>τοῦ</em></strong></span> <span class='ocrx_word' id='word_1_201' title='bbox 466 2692 585 2773; x_wconf 75' lang='grc' dir='ltr'><strong><em>διψᾶν,</em></strong></span> <span class='ocrx_word' id='word_1_202' title='bbox 612 2692 694 2768; x_wconf 75' lang='grc' dir='ltr'><strong><em>δίψα</em></strong></span> <span class='ocrx_word' id='word_1_203' title='bbox 717 2695 836 2767; x_wconf 82' lang='grc' dir='ltr'><strong><em>καλῶς·</em></strong></span> <span class='ocrx_word' id='word_1_204' title='bbox 863 2698 924 2755; x_wconf 86' lang='grc' dir='ltr'><strong><em>τοῦ</em></strong></span> <span class='ocrx_word' id='word_1_205' title='bbox 947 2698 1082 2775; x_wconf 87' lang='grc' dir='ltr'><strong><em>πεινᾶν,</em></strong></span> <span class='ocrx_word' id='word_1_206' title='bbox 1108 2693 1207 2756; x_wconf 86' lang='grc' dir='ltr'><strong><em>πείνα</em></strong></span> 
     </span>
    </p>
   </div>
   <div class='ocr_carea' id='block_1_4' title="bbox 192 2929 1208 3291">
    <p class='ocr_par' dir='ltr' id='par_1_4' title="bbox 192 2929 1208 3291">
     <span class='ocr_line' id='line_1_25' title="bbox 266 2929 1206 3004; baseline 0 -16"><span class='ocrx_word' id='word_1_207' title='bbox 266 2940 280 2988; x_wconf 94' lang='grc'>1</span> <span class='ocrx_word' id='word_1_208' title='bbox 301 2935 374 3004; x_wconf 76' lang='grc' dir='ltr'><strong><em>οὐ(κ)</em></strong></span> <span class='ocrx_word' id='word_1_209' title='bbox 392 2932 547 2990; x_wconf 87' lang='grc' dir='ltr'><strong><em>τετέλεσται</em></strong></span> <span class='ocrx_word' id='word_1_210' title='bbox 565 2934 592 2991; x_wconf 81' lang='lat' dir='ltr'><strong><em>O.</em></strong></span> <span class='ocrx_word' id='word_1_211' title='bbox 608 2935 733 2991; x_wconf 75' lang='lat' dir='ltr'><strong><em>Schenkl:</em></strong></span> <span class='ocrx_word' id='word_1_212' title='bbox 753 2929 939 2990; x_wconf 76' lang='grc' dir='ltr'><strong><em>ἐκτετέλεσται</em></strong></span> <span class='ocrx_word' id='word_1_213' title='bbox 953 2932 987 2999; x_wconf 69' lang='grc' dir='ltr'><strong><em>ιδ’,-</em></strong></span> <span class='ocrx_word' id='word_1_214' title='bbox 1006 2935 1058 2988; x_wconf 76' lang='grc' dir='ltr'><strong><em>οὐκ</em></strong></span> <span class='ocrx_word' id='word_1_215' title='bbox 1072 2930 1206 3004; x_wconf 81' lang='grc' dir='ltr'><strong><em>ἐτελέσθη</em></strong></span> 
     </span>
     <span class='ocr_line' id='line_1_26' title="bbox 195 3005 1207 3077; baseline 0 -18"><span class='ocrx_word' id='word_1_216' title='bbox 195 3005 277 3076; x_wconf 77' lang='grc' dir='ltr'><strong><em>Ργλλι.</em></strong></span> <span class='ocrx_word' id='word_1_217' title='bbox 320 3010 329 3076; x_wconf 80' lang='grc' dir='ltr'><strong><em>ΙΙ</em></strong></span> <span class='ocrx_word' id='word_1_218' title='bbox 370 3007 488 3060; x_wconf 75' lang='grc' dir='ltr'><strong><em>λτοῦιλε</em></strong></span> <span class='ocrx_word' id='word_1_219' title='bbox 507 3006 530 3062; x_wconf 81' lang='lat' dir='ltr'><strong><em>S</em></strong></span> <span class='ocrx_word' id='word_1_220' title='bbox 547 3010 598 3071; x_wconf 73' lang='lat' dir='ltr'><strong><em>(an</em></strong></span> <span class='ocrx_word' id='word_1_221' title='bbox 615 3006 715 3061; x_wconf 79' lang='grc' dir='ltr'><strong><em>τούτου</em></strong></span> <span class='ocrx_word' id='word_1_222' title='bbox 725 3006 767 3072; x_wconf 80' lang='lat'><strong><em>?).·</em></strong></span> <span class='ocrx_word' id='word_1_223' title='bbox 789 3006 900 3077; x_wconf 78' lang='grc' dir='ltr'><strong><em>πρώτου</em></strong></span> <span class='ocrx_word' id='word_1_224' title='bbox 919 3005 999 3074; x_wconf 78' lang='grc' dir='ltr'><strong><em>Ργλίι.</em></strong></span> <span class='ocrx_word' id='word_1_225' title='bbox 1036 3009 1046 3074; x_wconf 74' lang='grc' dir='ltr'><strong><em>ΙΙ</em></strong></span> <span class='ocrx_word' id='word_1_226' title='bbox 1082 3013 1098 3060; x_wconf 86' lang='grc'><strong>3</strong></span> <span class='ocrx_word' id='word_1_227' title='bbox 1124 3005 1207 3060; x_wconf 76' lang='grc' dir='ltr'><strong><em>δεινὰ</em></strong></span> 
     </span>
     <span class='ocr_line' id='line_1_27' title="bbox 195 3072 1208 3150; baseline 0.001 -20"><span class='ocrx_word' id='word_1_228' title='bbox 195 3076 277 3146; x_wconf 76' lang='grc' dir='ltr'><strong><em>Ρηλλ.</em></strong></span> <span class='ocrx_word' id='word_1_229' title='bbox 318 3081 328 3146; x_wconf 79' lang='grc' dir='ltr'><strong><em>ΙΙ</em></strong></span> <span class='ocrx_word' id='word_1_230' title='bbox 369 3072 510 3146; x_wconf 80' lang='grc' dir='ltr'><strong><em>ἐκπρήξας</em></strong></span> <span class='ocrx_word' id='word_1_231' title='bbox 527 3078 623 3147; x_wconf 78' lang='grc' dir='ltr'><strong><em>Ργλλι,.·</em></strong></span> <span class='ocrx_word' id='word_1_232' title='bbox 646 3073 728 3147; x_wconf 74' lang='grc' dir='ltr'><strong><em>ὁέξας</em></strong></span> <span class='ocrx_word' id='word_1_233' title='bbox 746 3077 780 3142; x_wconf 69' lang='grc'><strong><em>8,·</em></strong></span> <span class='ocrx_word' id='word_1_234' title='bbox 805 3074 899 3150; x_wconf 58' lang='lat' dir='ltr'><em>(obv)</em></span> <span class='ocrx_word' id='word_1_235' title='bbox 918 3073 999 3147; x_wconf 70' lang='grc' dir='ltr'><strong><em>ὗέξας</em></strong></span> <span class='ocrx_word' id='word_1_236' title='bbox 1019 3077 1046 3132; x_wconf 82' lang='lat' dir='ltr'><strong><em>G.</em></strong></span> <span class='ocrx_word' id='word_1_237' title='bbox 1066 3076 1180 3132; x_wconf 74' lang='lat' dir='ltr'><em>Schenkl</em></span> <span class='ocrx_word' id='word_1_238' title='bbox 1197 3077 1208 3148; x_wconf 70' lang='lat' dir='ltr'>ss</span> 
     </span>
     <span class='ocr_line' id='line_1_28' title="bbox 192 3144 1206 3221; baseline 0.001 -21"><span class='ocrx_word' id='word_1_239' title='bbox 192 3144 296 3217; x_wconf 87' lang='grc' dir='ltr'><strong><em>τέρπου</em></strong></span> <span class='ocrx_word' id='word_1_240' title='bbox 315 3148 338 3204; x_wconf 76' lang='lat' dir='ltr'><strong><em>S</em></strong></span> <span class='ocrx_word' id='word_1_241' title='bbox 356 3154 382 3204; x_wconf 82' lang='lat' dir='ltr'><strong><em>et</em></strong></span> <span class='ocrx_word' id='word_1_242' title='bbox 411 3147 475 3204; x_wconf 65' lang='lat' dir='ltr'><em>(lod.</em></span> <span class='ocrx_word' id='word_1_243' title='bbox 504 3149 587 3204; x_wconf 64' lang='lat' dir='ltr'><strong><em>Vina.</em></strong></span> <span class='ocrx_word' id='word_1_244' title='bbox 611 3149 708 3221; x_wconf 80' lang='grc' dir='ltr'><strong><em>Ργλλ.;</em></strong></span> <span class='ocrx_word' id='word_1_245' title='bbox 735 3145 837 3217; x_wconf 88' lang='grc' dir='ltr'><strong><em>τέρπευ</em></strong></span> <span class='ocrx_word' id='word_1_246' title='bbox 855 3150 912 3203; x_wconf 81' lang='lat' dir='ltr'><strong><em>rell.</em></strong></span> <span class='ocrx_word' id='word_1_247' title='bbox 932 3149 1014 3218; x_wconf 78' lang='grc' dir='ltr'><strong><em>Ργλλι.</em></strong></span> <span class='ocrx_word' id='word_1_248' title='bbox 1035 3149 1099 3202; x_wconf 72' lang='grc' dir='ltr'><strong><em>ίιλιτί</em></strong></span> <span class='ocrx_word' id='word_1_249' title='bbox 1139 3151 1148 3217; x_wconf 90' lang='grc' dir='ltr'><strong><em>ΙΙ</em></strong></span> <span class='ocrx_word' id='word_1_250' title='bbox 1189 3153 1206 3201; x_wconf 86' lang='grc'>9</span> 
     </span>
     <span class='ocr_line' id='line_1_29' title="bbox 194 3213 1207 3291; baseline 0.001 -19"><span class='ocrx_word' id='word_1_251' title='bbox 194 3213 389 3289; x_wconf 83' lang='grc' dir='ltr'><strong><em>ἐπιμελεῖσθαι</em></strong></span> <span class='ocrx_word' id='word_1_252' title='bbox 408 3218 496 3291; x_wconf 83' lang='grc' dir='ltr'><strong><em>&lt;ιλεῐ&gt;</em></strong></span> <span class='ocrx_word' id='word_1_253' title='bbox 520 3220 582 3288; x_wconf 78' lang='grc' dir='ltr'><strong><em>Πγλ.</em></strong></span> <span class='ocrx_word' id='word_1_254' title='bbox 614 3224 624 3289; x_wconf 63' lang='grc' dir='ltr'><strong><em>ΙΙ</em></strong></span> <span class='ocrx_word' id='word_1_255' title='bbox 656 3221 686 3274; x_wconf 80' lang='grc' dir='ltr'><strong><em>εἴ</em></strong></span> <span class='ocrx_word' id='word_1_256' title='bbox 698 3221 741 3291; x_wconf 85' lang='grc' dir='ltr'><strong><em>τε]</em></strong></span> <span class='ocrx_word' id='word_1_257' title='bbox 761 3221 791 3273; x_wconf 84' lang='grc' dir='ltr'><strong><em>εί</em></strong></span> <span class='ocrx_word' id='word_1_258' title='bbox 804 3238 835 3288; x_wconf 88' lang='grc' dir='ltr'><strong><em>γε</em></strong></span> <span class='ocrx_word' id='word_1_259' title='bbox 850 3219 950 3290; x_wconf 65' lang='grc' dir='ltr'><strong><em>διέντας</em></strong></span> <span class='ocrx_word' id='word_1_260' title='bbox 968 3237 1002 3288; x_wconf 88' lang='grc' dir='ltr'><strong><em>με</em></strong></span> <span class='ocrx_word' id='word_1_261' title='bbox 1017 3220 1066 3272; x_wconf 80' lang='grc' dir='ltr'><strong><em>δεῖ</em></strong></span> <span class='ocrx_word' id='word_1_262' title='bbox 1076 3219 1175 3273; x_wconf 65' lang='lat' dir='ltr'><strong><em>Coraca</em></strong></span> <span class='ocrx_word' id='word_1_263' title='bbox 1197 3219 1207 3290; x_wconf 56' lang='grc' dir='ltr'><strong><em>λλ</em></strong></span> 
     </span>
    </p>
   </div>
   <div class='ocr_carea' id='block_1_5' title="bbox 193 3260 1208 3643">
    <p class='ocr_par' dir='ltr' id='par_1_5' title="bbox 193 3260 1208 3643">
     <span class='ocr_line' id='line_1_30' title="bbox 194 3260 1205 3362; baseline 0.002 -20"><span class='ocrx_word' id='word_1_264' title='bbox 194 3290 248 3343; x_wconf 74' lang='grc' dir='ltr'><strong><em>εἴτε</em></strong></span> <span class='ocrx_word' id='word_1_265' title='bbox 277 3290 347 3362; x_wconf 79' lang='grc' dir='ltr'><strong><em>(καλ</em></strong></span> <span class='ocrx_word' id='word_1_266' title='bbox 378 3288 496 3359; x_wconf 85' lang='grc' dir='ltr'><strong><em>πυρετὸς</em></strong></span> <span class='ocrx_word' id='word_1_267' title='bbox 519 3287 628 3359; x_wconf 83' lang='grc' dir='ltr'><strong><em>ἔρχεται</em></strong></span> <span class='ocrx_word' id='word_1_268' title='bbox 653 3290 728 3361; x_wconf 66' lang='lat' dir='ltr'><strong><em>she&gt;</em></strong></span> <span class='ocrx_word' id='word_1_269' title='bbox 751 3288 800 3343; x_wconf 83' lang='grc' dir='ltr'><strong><em>καλ</em></strong></span> <span class='ocrx_word' id='word_1_270' title='bbox 822 3290 941 3359; x_wconf 81' lang='grc' dir='ltr'><strong><em>πυρετὸς</em></strong></span> <span class='ocrx_word' id='word_1_271' title='bbox 964 3290 1014 3346; x_wconf 76' lang='grc' dir='ltr'><strong><em>οὐκ</em></strong></span> <span class='ocrx_word' id='word_1_272' title='bbox 1043 3287 1151 3359; x_wconf 77' lang='grc' dir='ltr'><strong><em>ἔρχεται</em></strong></span> <span class='ocrx_word' id='word_1_273' title='bbox 1178 3260 1205 3344; x_wconf 69' lang='grc' dir='ltr'><strong><em>(ί.</em></strong></span> 
     </span>
     <span class='ocr_line' id='line_1_31' title="bbox 193 3355 1208 3430; baseline 0.001 -17"><span class='ocrx_word' id='word_1_274' title='bbox 193 3359 307 3416; x_wconf 75' lang='lat' dir='ltr'><em>Schenkl</em></span> <span class='ocrx_word' id='word_1_275' title='bbox 331 3366 482 3430; x_wconf 74' lang='lat' dir='ltr'><strong><em>praeeunte</em></strong></span> <span class='ocrx_word' id='word_1_276' title='bbox 504 3361 582 3429; x_wconf 74' lang='lat' dir='ltr'><strong><em>Upt.‚·</em></strong></span> <span class='ocrx_word' id='word_1_277' title='bbox 604 3362 672 3416; x_wconf 79' lang='grc' dir='ltr'><strong><em>κιιλιί</em></strong></span> <span class='ocrx_word' id='word_1_278' title='bbox 695 3367 759 3430; x_wconf 73' lang='lat' dir='ltr'><strong><em>post</em></strong></span> <span class='ocrx_word' id='word_1_279' title='bbox 777 3355 972 3429; x_wconf 75' lang='grc' dir='ltr'><strong><em>ἐπιμελεῖσθαι</em></strong></span> <span class='ocrx_word' id='word_1_280' title='bbox 994 3362 1101 3430; x_wconf 71' lang='lat' dir='ltr'><strong><em>reliqua</em></strong></span> <span class='ocrx_word' id='word_1_281' title='bbox 1119 3378 1208 3415; x_wconf 72' lang='grc' dir='ltr'><strong><em>επακ</em></strong></span> 
     </span>
     <span class='ocr_line' id='line_1_32' title="bbox 193 3431 1206 3501; baseline 0.002 -17"><span class='ocrx_word' id='word_1_282' title='bbox 193 3431 258 3485; x_wconf 60' lang='lat' dir='ltr'><strong><em>tiata?</em></strong></span> <span class='ocrx_word' id='word_1_283' title='bbox 277 3448 347 3500; x_wconf 79' lang='grc' dir='ltr'><strong><em>ρανε</em></strong></span> <span class='ocrx_word' id='word_1_284' title='bbox 370 3431 501 3486; x_wconf 76' lang='lat' dir='ltr'><strong><em>excidisse</em></strong></span> <span class='ocrx_word' id='word_1_285' title='bbox 523 3449 557 3486; x_wconf 85' lang='lat' dir='ltr'><strong><em>ac</em></strong></span> <span class='ocrx_word' id='word_1_286' title='bbox 574 3432 672 3486; x_wconf 74' lang='lat' dir='ltr'><strong><em>deinde</em></strong></span> <span class='ocrx_word' id='word_1_287' title='bbox 690 3432 722 3486; x_wconf 77' lang='lat' dir='ltr'><strong><em>id</em></strong></span> <span class='ocrx_word' id='word_1_288' title='bbox 739 3433 830 3500; x_wconf 78' lang='grc' dir='ltr'><strong><em>ι’γειιοι</em></strong></span> <span class='ocrx_word' id='word_1_289' title='bbox 849 3432 971 3501; x_wconf 77' lang='lat' dir='ltr'><strong><em>Epicteti</em></strong></span> <span class='ocrx_word' id='word_1_290' title='bbox 989 3447 1148 3500; x_wconf 73' lang='lat' dir='ltr'><strong><em>responsum</em></strong></span> <span class='ocrx_word' id='word_1_291' title='bbox 1165 3448 1206 3487; x_wconf 83' lang='lat' dir='ltr'><strong><em>re·</em></strong></span> 
     </span>
     <span class='ocr_line' id='line_1_33' title="bbox 193 3498 1207 3572; baseline 0 -17"><span class='ocrx_word' id='word_1_292' title='bbox 193 3503 269 3568; x_wconf 74' lang='lat' dir='ltr'><strong><em>quiri</em></strong></span> <span class='ocrx_word' id='word_1_293' title='bbox 296 3503 413 3568; x_wconf 65' lang='lat' dir='ltr'><strong><em>videtur,</em></strong></span> <span class='ocrx_word' id='word_1_294' title='bbox 442 3502 514 3569; x_wconf 77' lang='grc' dir='ltr'><strong><em>ηκοιλ</em></strong></span> <span class='ocrx_word' id='word_1_295' title='bbox 529 3502 586 3569; x_wconf 89' lang='lat' dir='ltr'><strong><em>IV,</em></strong></span> <span class='ocrx_word' id='word_1_296' title='bbox 604 3507 629 3570; x_wconf 84' lang='lat'><strong><em>1,</em></strong></span> <span class='ocrx_word' id='word_1_297' title='bbox 644 3507 681 3557; x_wconf 79' lang='lat'><strong><em>9⁶</em></strong></span> <span class='ocrx_word' id='word_1_298' title='bbox 700 3503 813 3572; x_wconf 73' lang='lat' dir='ltr'><strong><em>leyitur:</em></strong></span> <span class='ocrx_word' id='word_1_299' title='bbox 839 3500 898 3570; x_wconf 81' lang='grc' dir='ltr'><strong><em>ἄγε,</em></strong></span> <span class='ocrx_word' id='word_1_300' title='bbox 923 3498 986 3558; x_wconf 81' lang='grc' dir='ltr'><strong><em>ἐκεῖ</em></strong></span> <span class='ocrx_word' id='word_1_301' title='bbox 1008 3501 1127 3572; x_wconf 80' lang='grc' dir='ltr'><strong><em>πυρετὸς</em></strong></span> <span class='ocrx_word' id='word_1_302' title='bbox 1154 3502 1207 3556; x_wconf 72' lang='grc' dir='ltr'><strong><em>οὐκ</em></strong></span> 
     </span>
     <span class='ocr_line' id='line_1_34' title="bbox 193 3569 781 3643; baseline 0 -17"><span class='ocrx_word' id='word_1_303' title='bbox 193 3569 304 3641; x_wconf 79' lang='grc' dir='ltr'><strong><em>ἔρχεται</em></strong></span> <span class='ocrx_word' id='word_1_304' title='bbox 335 3575 345 3643; x_wconf 76' lang='grc' dir='ltr'><strong><em>ΙΙ</em></strong></span> <span class='ocrx_word' id='word_1_305' title='bbox 378 3578 410 3627; x_wconf 88' lang='grc'><strong><em>19</em></strong></span> <span class='ocrx_word' id='word_1_306' title='bbox 429 3571 517 3640; x_wconf 82' lang='grc' dir='ltr'><strong><em>λέγεις</em></strong></span> <span class='ocrx_word' id='word_1_307' title='bbox 535 3571 558 3627; x_wconf 81' lang='lat' dir='ltr'><strong><em>S</em></strong></span> <span class='ocrx_word' id='word_1_308' title='bbox 573 3575 598 3641; x_wconf 82' lang='grc' dir='ltr'><strong><em>(ς</em></strong></span> <span class='ocrx_word' id='word_1_309' title='bbox 616 3588 703 3642; x_wconf 70' lang='lat' dir='ltr'><strong><em>supra</em></strong></span> <span class='ocrx_word' id='word_1_310' title='bbox 721 3573 781 3640; x_wconf 77' lang='lat' dir='ltr'><strong><em>lin.)</em></strong></span> 
     </span>
    </p>
   </div>
   <div class='ocr_carea' id='block_1_6' title="bbox 0 0 1323 3930">
    <p class='ocr_par' dir='ltr' id='par_1_6' title="bbox 0 0 1323 3930">
     <span class='ocr_line' id='line_1_35' title="bbox 0 0 1323 3930; baseline 0 0"><span class='ocrx_word' id='word_1_311' title='bbox 0 0 1323 3930; x_wconf 95' lang='lat' dir='ltr'><strong><em> </em></strong></span> 
     </span>
    </p>
   </div>
  </div>
 </body>
</html>
