<?xml version="1.0" encoding="UTF-8"?>
<!DOCTYPE html PUBLIC "-//W3C//DTD XHTML 1.0 Transitional//EN"
    "http://www.w3.org/TR/xhtml1/DTD/xhtml1-transitional.dtd">
<html xmlns="http://www.w3.org/1999/xhtml" xml:lang="en" lang="en">
 <head>
  <title>
</title>
<meta http-equiv="Content-Type" content="text/html;charset=utf-8" />
  <meta name='ocr-system' content='tesseract 3.04.00' />
  <meta name='ocr-capabilities' content='ocr_page ocr_carea ocr_par ocr_line ocrx_word'/>
</head>
<body>
  <div class='ocr_page' id='page_1' title='image "./dissertationesa00epicgoog/dissertationesa00epicgoog_0453.png"; bbox 0 0 2626 3924; ppageno 0'>
   <div class='ocr_carea' id='block_1_1' title="bbox 156 218 1024 285">
    <p class='ocr_par' dir='ltr' id='par_1_1' title="bbox 156 218 1024 285">
     <span class='ocr_line' id='line_1_1' title="bbox 156 218 1024 285; baseline -0.018 0"><span class='ocrx_word' id='word_1_1' title='bbox 156 221 221 285; x_wconf 83' lang='lat'><strong><em>348</em></strong></span> <span class='ocrx_word' id='word_1_2' title='bbox 301 221 483 274; x_wconf 70' lang='grc' dir='ltr'><strong><em>ιεειλαοε</em></strong></span> <span class='ocrx_word' id='word_1_3' title='bbox 501 220 576 273; x_wconf 67' lang='lat' dir='ltr'><strong><em>mu</em></strong></span> <span class='ocrx_word' id='word_1_4' title='bbox 594 219 811 272; x_wconf 74' lang='grc' dir='ltr'><strong><em>οΠωΤΗΤον</em></strong></span> <span class='ocrx_word' id='word_1_5' title='bbox 829 218 1024 270; x_wconf 66' lang='lat' dir='ltr'><strong><em>mmm</em></strong></span> 
     </span>
    </p>
   </div>
   <div class='ocr_carea' id='block_1_2' title="bbox 103 375 1304 1839">
    <p class='ocr_par' dir='ltr' id='par_1_2' title="bbox 103 375 1304 1839">
     <span class='ocr_line' id='line_1_2' title="bbox 155 375 1171 464; baseline -0.005 -17"><span class='ocrx_word' id='word_1_6' title='bbox 155 380 244 447; x_wconf 92' lang='grc' dir='ltr'><strong><em>ἐστιν</em></strong></span> <span class='ocrx_word' id='word_1_7' title='bbox 277 380 372 464; x_wconf 85' lang='grc' dir='ltr'><strong><em>αῦτη;</em></strong></span> <span class='ocrx_word' id='word_1_8' title='bbox 406 382 443 446; x_wconf 90' lang='grc' dir='ltr'><strong><em>τὸ</em></strong></span> <span class='ocrx_word' id='word_1_9' title='bbox 475 383 573 464; x_wconf 83' lang='grc' dir='ltr'><strong><em>βιοῦν</em></strong></span> <span class='ocrx_word' id='word_1_10' title='bbox 601 375 632 444; x_wconf 92' lang='grc' dir='ltr'><strong><em>δ’</em></strong></span> <span class='ocrx_word' id='word_1_11' title='bbox 664 377 697 458; x_wconf 86' lang='grc' dir='ltr'><strong><em>ἐξ</em></strong></span> <span class='ocrx_word' id='word_1_12' title='bbox 725 381 836 444; x_wconf 85' lang='grc' dir='ltr'><strong><em>ἀλλων</em></strong></span> <span class='ocrx_word' id='word_1_13' title='bbox 862 388 963 444; x_wconf 80' lang='grc' dir='ltr'><strong><em>τινῶν</em></strong></span> <span class='ocrx_word' id='word_1_14' title='bbox 991 377 1012 460; x_wconf 54' lang='lat' dir='ltr'><strong><em>b}</em></strong></span> <span class='ocrx_word' id='word_1_15' title='bbox 1039 378 1171 442; x_wconf 78' lang='grc' dir='ltr'><strong><em>τούτων</em></strong></span> 
     </span>
     <span class='ocr_line' id='line_1_3' title="bbox 156 475 1299 572; baseline -0.004 -21"><span class='ocrx_word' id='word_1_16' title='bbox 156 491 414 572; x_wconf 89' lang='grc' dir='ltr'><strong><em>σνμπληροῦται.</em></strong></span> <span class='ocrx_word' id='word_1_17' title='bbox 464 475 538 550; x_wconf 81' lang='grc' dir='ltr'><strong><em>οἷον</em></strong></span> <span class='ocrx_word' id='word_1_18' title='bbox 571 483 613 549; x_wconf 84' lang='grc' dir='ltr'><strong><em>ἀν</em></strong></span> <span class='ocrx_word' id='word_1_19' title='bbox 644 486 676 549; x_wconf 90' lang='grc' dir='ltr'><strong><em>εί</em></strong></span> <span class='ocrx_word' id='word_1_20' title='bbox 706 484 724 550; x_wconf 89' lang='grc' dir='ltr'><strong><em>ὁ</em></strong></span> <span class='ocrx_word' id='word_1_21' title='bbox 752 483 900 568; x_wconf 81' lang='grc' dir='ltr'><strong><em>ἀθλητὴς</em></strong></span> <span class='ocrx_word' id='word_1_22' title='bbox 926 484 1023 568; x_wconf 87' lang='grc' dir='ltr'><strong><em>κλαίη</em></strong></span> <span class='ocrx_word' id='word_1_23' title='bbox 1050 483 1099 558; x_wconf 90' lang='grc' dir='ltr'><strong><em>είς</em></strong></span> <span class='ocrx_word' id='word_1_24' title='bbox 1131 484 1169 547; x_wconf 87' lang='grc' dir='ltr'><strong><em>τὸ</em></strong></span> <span class='ocrx_word' id='word_1_25' title='bbox 1298 509 1299 536; x_wconf 69' lang='grc' dir='ltr'><strong><em>ι</em></strong></span> 
     </span>
     <span class='ocr_line' id='line_1_4' title="bbox 104 587 1300 682; baseline -0.003 -27"><span class='ocrx_word' id='word_1_26' title='bbox 104 606 135 655; x_wconf 78' lang='lat'><strong><em>12</em></strong></span> <span class='ocrx_word' id='word_1_27' title='bbox 156 593 292 658; x_wconf 86' lang='grc' dir='ltr'><strong><em>στάδιον</em></strong></span> <span class='ocrx_word' id='word_1_28' title='bbox 314 592 439 675; x_wconf 85' lang='grc' dir='ltr'><strong><em>είσιών,</em></strong></span> <span class='ocrx_word' id='word_1_29' title='bbox 462 591 512 656; x_wconf 83' lang='grc' dir='ltr'><strong><em>ὅτι</em></strong></span> <span class='ocrx_word' id='word_1_30' title='bbox 531 591 575 674; x_wconf 85' lang='grc' dir='ltr'><strong><em>μῆ</em></strong></span> <span class='ocrx_word' id='word_1_31' title='bbox 594 588 655 668; x_wconf 84' lang='grc' dir='ltr'><strong><em>ἔξω</em></strong></span> <span class='ocrx_word' id='word_1_32' title='bbox 675 591 882 673; x_wconf 74' lang='grc' dir='ltr'><em>γυμνάζεται.</em></span> <span class='ocrx_word' id='word_1_33' title='bbox 918 589 1048 654; x_wconf 80' lang='grc' dir='ltr'><strong><em>τούτων</em></strong></span> <span class='ocrx_word' id='word_1_34' title='bbox 1071 587 1170 652; x_wconf 81' lang='grc' dir='ltr'><strong><em>ἕνεκα</em></strong></span> <span class='ocrx_word' id='word_1_35' title='bbox 1299 669 1300 682; x_wconf 17' lang='lat'>¹</span> 
     </span>
     <span class='ocr_line' id='line_1_5' title="bbox 156 693 1300 782; baseline -0.004 -20"><span class='ocrx_word' id='word_1_36' title='bbox 156 695 352 782; x_wconf 82' lang='grc' dir='ltr'><strong><em>ἐγνμνάζον,</em></strong></span> <span class='ocrx_word' id='word_1_37' title='bbox 375 695 428 763; x_wconf 80' lang='grc' dir='ltr'><strong><em>ἐπὶ</em></strong></span> <span class='ocrx_word' id='word_1_38' title='bbox 450 706 549 763; x_wconf 91' lang='grc' dir='ltr'><strong><em>τοῦτο</em></strong></span> <span class='ocrx_word' id='word_1_39' title='bbox 568 697 604 762; x_wconf 89' lang='grc' dir='ltr'><strong><em>οί</em></strong></span> <span class='ocrx_word' id='word_1_40' title='bbox 624 695 772 782; x_wconf 77' lang='grc' dir='ltr'><strong><em>ἁλτῆρες,</em></strong></span> <span class='ocrx_word' id='word_1_41' title='bbox 793 695 814 779; x_wconf 83' lang='grc' dir='ltr'><em>ἡ</em></span> <span class='ocrx_word' id='word_1_42' title='bbox 834 694 916 780; x_wconf 87' lang='grc' dir='ltr'><strong><em>διφῆ,</em></strong></span> <span class='ocrx_word' id='word_1_43' title='bbox 938 695 974 759; x_wconf 89' lang='grc' dir='ltr'><strong><em>οί</em></strong></span> <span class='ocrx_word' id='word_1_44' title='bbox 988 697 1169 762; x_wconf 89' lang='grc' dir='ltr'><strong><em>νεανίσκοι.</em></strong></span> <span class='ocrx_word' id='word_1_45' title='bbox 1299 693 1300 696; x_wconf 66' lang='grc'>’</span> 
     </span>
     <span class='ocr_line' id='line_1_6' title="bbox 155 798 1213 887; baseline -0.004 -19"><span class='ocrx_word' id='word_1_46' title='bbox 155 801 210 868; x_wconf 80' lang='grc' dir='ltr'><strong><em>καί</em></strong></span> <span class='ocrx_word' id='word_1_47' title='bbox 236 813 301 870; x_wconf 89' lang='grc' dir='ltr'><strong><em>νῦν</em></strong></span> <span class='ocrx_word' id='word_1_48' title='bbox 330 803 438 869; x_wconf 76' lang='grc' dir='ltr'><strong><em>ἐκεῖνα</em></strong></span> <span class='ocrx_word' id='word_1_49' title='bbox 468 806 585 886; x_wconf 74' lang='grc' dir='ltr'><strong><em>ζητεῖς,</em></strong></span> <span class='ocrx_word' id='word_1_50' title='bbox 618 801 671 866; x_wconf 80' lang='grc' dir='ltr'><strong><em>ὅτε</em></strong></span> <span class='ocrx_word' id='word_1_51' title='bbox 704 810 764 866; x_wconf 91' lang='grc' dir='ltr'><strong><em>τοῦ</em></strong></span> <span class='ocrx_word' id='word_1_52' title='bbox 792 804 892 887; x_wconf 80' lang='grc' dir='ltr'><strong><em>ἔργον</em></strong></span> <span class='ocrx_word' id='word_1_53' title='bbox 919 803 1034 884; x_wconf 89' lang='grc' dir='ltr'><strong><em>καιρός</em></strong></span> <span class='ocrx_word' id='word_1_54' title='bbox 1061 798 1168 878; x_wconf 83' lang='grc' dir='ltr'><strong><em>ἐστιν;</em></strong></span> <span class='ocrx_word' id='word_1_55' title='bbox 1199 824 1213 864; x_wconf 80' lang='grc' dir='ltr'><strong><em>ε</em></strong></span> 
     </span>
     <span class='ocr_line' id='line_1_7' title="bbox 104 899 1171 992; baseline -0.001 -21"><span class='ocrx_word' id='word_1_56' title='bbox 104 923 136 972; x_wconf 83' lang='grc'><strong><em>13</em></strong></span> <span class='ocrx_word' id='word_1_57' title='bbox 156 899 229 974; x_wconf 83' lang='grc' dir='ltr'><strong><em>οἷον</em></strong></span> <span class='ocrx_word' id='word_1_58' title='bbox 252 910 284 974; x_wconf 85' lang='grc' dir='ltr'><strong><em>εί</em></strong></span> <span class='ocrx_word' id='word_1_59' title='bbox 309 907 362 974; x_wconf 79' lang='grc' dir='ltr'><strong><em>ἐπὶ</em></strong></span> <span class='ocrx_word' id='word_1_60' title='bbox 388 917 449 974; x_wconf 93' lang='grc' dir='ltr'><strong><em>τοῦ</em></strong></span> <span class='ocrx_word' id='word_1_61' title='bbox 478 912 760 990; x_wconf 73' lang='grc' dir='ltr'><strong><em>συγκαταθετικοῦ</em></strong></span> <span class='ocrx_word' id='word_1_62' title='bbox 787 909 891 972; x_wconf 90' lang='grc' dir='ltr'><strong><em>τόπον</em></strong></span> <span class='ocrx_word' id='word_1_63' title='bbox 914 903 1171 992; x_wconf 79' lang='grc' dir='ltr'><strong><em>παρισταμένων</em></strong></span> 
     </span>
     <span class='ocr_line' id='line_1_8' title="bbox 155 1009 1301 1101; baseline -0.005 -20"><span class='ocrx_word' id='word_1_64' title='bbox 155 1025 348 1101; x_wconf 78' lang='grc' dir='ltr'><strong><em>φαντασιῶν</em></strong></span> <span class='ocrx_word' id='word_1_65' title='bbox 362 1024 429 1079; x_wconf 83' lang='grc' dir='ltr'><strong><em>τῶν</em></strong></span> <span class='ocrx_word' id='word_1_66' title='bbox 443 1009 505 1097; x_wconf 81' lang='grc' dir='ltr'><strong><em>μέν</em></strong></span> <span class='ocrx_word' id='word_1_67' title='bbox 518 1016 779 1096; x_wconf 84' lang='grc' dir='ltr'><strong><em>καταληπτικῦν,</em></strong></span> <span class='ocrx_word' id='word_1_68' title='bbox 796 1022 863 1077; x_wconf 83' lang='grc' dir='ltr'><strong><em>τῶν</em></strong></span> <span class='ocrx_word' id='word_1_69' title='bbox 882 1009 912 1076; x_wconf 89' lang='grc' dir='ltr'><strong><em>δ’</em></strong></span> <span class='ocrx_word' id='word_1_70' title='bbox 930 1010 1170 1096; x_wconf 71' lang='grc' dir='ltr'><strong><em>ἀκαταλήπτων</em></strong></span> <span class='ocrx_word' id='word_1_71' title='bbox 1298 1015 1301 1026; x_wconf 79' lang='grc'><em>“</em></span> 
     </span>
     <span class='ocr_line' id='line_1_9' title="bbox 155 1115 1171 1204; baseline -0.004 -19"><span class='ocrx_word' id='word_1_72' title='bbox 155 1121 200 1204; x_wconf 85' lang='grc' dir='ltr'><strong><em>μῆ</em></strong></span> <span class='ocrx_word' id='word_1_73' title='bbox 221 1120 340 1196; x_wconf 84' lang='grc' dir='ltr'><strong><em>ταύτας</em></strong></span> <span class='ocrx_word' id='word_1_74' title='bbox 358 1121 543 1203; x_wconf 77' lang='grc' dir='ltr'><strong><em>διακρίνειν</em></strong></span> <span class='ocrx_word' id='word_1_75' title='bbox 560 1116 730 1203; x_wconf 76' lang='grc' dir='ltr'><strong><em>θέλοιμεν,</em></strong></span> <span class='ocrx_word' id='word_1_76' title='bbox 753 1115 825 1183; x_wconf 88' lang='grc' dir='ltr'><strong><em>ἀλλ’</em></strong></span> <span class='ocrx_word' id='word_1_77' title='bbox 847 1116 1109 1200; x_wconf 78' lang='grc' dir='ltr'><strong><em>ἀναγιγνώσκειν</em></strong></span> <span class='ocrx_word' id='word_1_78' title='bbox 1129 1117 1171 1182; x_wconf 81' lang='grc' dir='ltr'><strong><em>τὰ</em></strong></span> 
     </span>
     <span class='ocr_line' id='line_1_10' title="bbox 155 1223 473 1309; baseline -0.004 -20"><span class='ocrx_word' id='word_1_79' title='bbox 155 1223 231 1309; x_wconf 76' lang='grc' dir='ltr'><strong><em>περὶ</em></strong></span> <span class='ocrx_word' id='word_1_80' title='bbox 253 1225 473 1307; x_wconf 78' lang='grc' dir='ltr'><strong><em>καταλήψεως.</em></strong></span> 
     </span>
     <span class='ocr_line' id='line_1_11' title="bbox 103 1323 1303 1407; baseline -0.001 -16"><span class='ocrx_word' id='word_1_81' title='bbox 103 1343 137 1392; x_wconf 81' lang='grc'><strong><em>14</em></strong></span> <span class='ocrx_word' id='word_1_82' title='bbox 226 1331 269 1392; x_wconf 90' lang='grc' dir='ltr'><strong><em>Τί</em></strong></span> <span class='ocrx_word' id='word_1_83' title='bbox 288 1323 351 1393; x_wconf 85' lang='grc' dir='ltr'><strong><em>οὖν</em></strong></span> <span class='ocrx_word' id='word_1_84' title='bbox 373 1330 410 1394; x_wconf 89' lang='grc' dir='ltr'><strong><em>τὸ</em></strong></span> <span class='ocrx_word' id='word_1_85' title='bbox 434 1334 554 1407; x_wconf 75' lang='grc' dir='ltr'><strong><em>αίτιονς</em></strong></span> <span class='ocrx_word' id='word_1_86' title='bbox 584 1329 635 1393; x_wconf 86' lang='grc' dir='ltr'><strong><em>ὁτι</em></strong></span> <span class='ocrx_word' id='word_1_87' title='bbox 664 1327 822 1395; x_wconf 82' lang='grc' dir='ltr'><strong><em>οὐδέποτε</em></strong></span> <span class='ocrx_word' id='word_1_88' title='bbox 845 1329 965 1395; x_wconf 83' lang='grc' dir='ltr'><strong><em>τοῦτον</em></strong></span> <span class='ocrx_word' id='word_1_89' title='bbox 989 1327 1086 1394; x_wconf 76' lang='grc' dir='ltr'><strong><em>ἕνεκα</em></strong></span> <span class='ocrx_word' id='word_1_90' title='bbox 1109 1327 1169 1393; x_wconf 89' lang='grc' dir='ltr'><strong><em>ἀν-</em></strong></span> <span class='ocrx_word' id='word_1_91' title='bbox 1184 1352 1212 1390; x_wconf 89' lang='grc' dir='ltr'><strong><em>ιο</em></strong></span> <span class='ocrx_word' id='word_1_92' title='bbox 1302 1323 1303 1342; x_wconf 25' lang='grc' dir='ltr'><strong><em>ὁ</em></strong></span> 
     </span>
     <span class='ocr_line' id='line_1_12' title="bbox 156 1431 1304 1550; baseline -0.002 -50"><span class='ocrx_word' id='word_1_93' title='bbox 156 1432 321 1519; x_wconf 84' lang='grc' dir='ltr'><strong><em>ἐγνωμεν,</em></strong></span> <span class='ocrx_word' id='word_1_94' title='bbox 348 1431 506 1501; x_wconf 80' lang='grc' dir='ltr'><strong><em>οὐδέποτε</em></strong></span> <span class='ocrx_word' id='word_1_95' title='bbox 534 1435 654 1500; x_wconf 87' lang='grc' dir='ltr'><strong><em>τούτου</em></strong></span> <span class='ocrx_word' id='word_1_96' title='bbox 683 1433 779 1499; x_wconf 78' lang='grc' dir='ltr'><strong><em>ἕνεκα</em></strong></span> <span class='ocrx_word' id='word_1_97' title='bbox 807 1433 1011 1521; x_wconf 79' lang='grc' dir='ltr'><strong><em>ἐγράψαμεν,</em></strong></span> <span class='ocrx_word' id='word_1_98' title='bbox 1041 1431 1085 1499; x_wconf 80' lang='grc' dir='ltr'><strong><em>ἵν’</em></strong></span> <span class='ocrx_word' id='word_1_99' title='bbox 1113 1432 1170 1499; x_wconf 78' lang='grc' dir='ltr'><strong><em>ἐπὶ</em></strong></span> <span class='ocrx_word' id='word_1_100' title='bbox 1303 1494 1304 1550; x_wconf 31' lang='grc' dir='ltr'><strong><em>ρ</em></strong></span> 
     </span>
     <span class='ocr_line' id='line_1_13' title="bbox 155 1540 1304 1626; baseline -0.002 -21"><span class='ocrx_word' id='word_1_101' title='bbox 155 1551 222 1606; x_wconf 85' lang='grc' dir='ltr'><strong><em>τῶν</em></strong></span> <span class='ocrx_word' id='word_1_102' title='bbox 245 1541 352 1624; x_wconf 86' lang='grc' dir='ltr'><strong><em>ἐργων</em></strong></span> <span class='ocrx_word' id='word_1_103' title='bbox 379 1541 460 1607; x_wconf 84' lang='grc' dir='ltr'><strong><em>κατά</em></strong></span> <span class='ocrx_word' id='word_1_104' title='bbox 487 1541 592 1626; x_wconf 84' lang='grc' dir='ltr'><strong><em>φύσιν</em></strong></span> <span class='ocrx_word' id='word_1_105' title='bbox 614 1540 772 1626; x_wconf 78' lang='grc' dir='ltr'><strong><em>χρώμεθα</em></strong></span> <span class='ocrx_word' id='word_1_106' title='bbox 794 1551 864 1617; x_wconf 80' lang='grc' dir='ltr'><strong><em>ταῖς</em></strong></span> <span class='ocrx_word' id='word_1_107' title='bbox 886 1541 1171 1626; x_wconf 80' lang='grc' dir='ltr'><strong><em>προσταττούσαις</em></strong></span> <span class='ocrx_word' id='word_1_108' title='bbox 1303 1557 1304 1564; x_wconf 65' lang='grc'><strong>“</strong></span> 
     </span>
     <span class='ocr_line' id='line_1_14' title="bbox 155 1645 1171 1731; baseline -0.001 -20"><span class='ocrx_word' id='word_1_109' title='bbox 155 1651 362 1731; x_wconf 79' lang='grc' dir='ltr'><strong><em>φαντασίαις,</em></strong></span> <span class='ocrx_word' id='word_1_110' title='bbox 385 1645 456 1712; x_wconf 89' lang='grc' dir='ltr'><strong><em>ἀλλ’</em></strong></span> <span class='ocrx_word' id='word_1_111' title='bbox 483 1646 588 1712; x_wconf 82' lang='grc' dir='ltr'><strong><em>αὐτοῦ</em></strong></span> <span class='ocrx_word' id='word_1_112' title='bbox 609 1647 837 1730; x_wconf 81' lang='grc' dir='ltr'><strong><em>καταλῆγομεν</em></strong></span> <span class='ocrx_word' id='word_1_113' title='bbox 859 1652 994 1730; x_wconf 83' lang='grc' dir='ltr'><strong><em>μαθεῖν,</em></strong></span> <span class='ocrx_word' id='word_1_114' title='bbox 1023 1648 1058 1710; x_wconf 94' lang='grc' dir='ltr'><strong><em>τί</em></strong></span> <span class='ocrx_word' id='word_1_115' title='bbox 1077 1645 1171 1728; x_wconf 87' lang='grc' dir='ltr'><strong><em>λέγε-</em></strong></span> 
     </span>
     <span class='ocr_line' id='line_1_15' title="bbox 155 1749 1170 1839; baseline 0 -23"><span class='ocrx_word' id='word_1_116' title='bbox 155 1773 219 1835; x_wconf 88' lang='grc' dir='ltr'><strong><em>ται,</em></strong></span> <span class='ocrx_word' id='word_1_117' title='bbox 242 1751 298 1817; x_wconf 76' lang='grc' dir='ltr'><strong><em>καὶ</em></strong></span> <span class='ocrx_word' id='word_1_118' title='bbox 315 1752 405 1839; x_wconf 83' lang='grc' dir='ltr'><strong><em>ἀλλφ</em></strong></span> <span class='ocrx_word' id='word_1_119' title='bbox 424 1752 593 1818; x_wconf 83' lang='grc' dir='ltr'><strong><em>δύνασθαι</em></strong></span> <span class='ocrx_word' id='word_1_120' title='bbox 611 1749 846 1835; x_wconf 70' lang='grc' dir='ltr'><strong><em>ἐξηγήσασθαι,</em></strong></span> <span class='ocrx_word' id='word_1_121' title='bbox 864 1754 923 1817; x_wconf 89' lang='grc' dir='ltr'><strong><em>τὸν</em></strong></span> <span class='ocrx_word' id='word_1_122' title='bbox 942 1753 1170 1836; x_wconf 83' lang='grc' dir='ltr'><strong><em>συλλογισμὸν</em></strong></span> 
     </span>
    </p>
   </div>
   <div class='ocr_carea' id='block_1_3' title="bbox 103 1855 1210 1946">
    <p class='ocr_par' dir='ltr' id='par_1_3' title="bbox 103 1855 1210 1946">
     <span class='ocr_line' id='line_1_16' title="bbox 103 1855 1210 1946; baseline -0.002 -24"><span class='ocrx_word' id='word_1_123' title='bbox 103 1868 136 1946; x_wconf 58' lang='grc' dir='ltr'><strong><em>1ο</em></strong></span> <span class='ocrx_word' id='word_1_124' title='bbox 155 1855 319 1922; x_wconf 78' lang='grc' dir='ltr'><strong><em>ἀναλῦσαι</em></strong></span> <span class='ocrx_word' id='word_1_125' title='bbox 344 1855 400 1921; x_wconf 76' lang='grc' dir='ltr'><strong><em>καὶ</em></strong></span> <span class='ocrx_word' id='word_1_126' title='bbox 427 1859 486 1921; x_wconf 92' lang='grc' dir='ltr'><strong><em>τὸν</em></strong></span> <span class='ocrx_word' id='word_1_127' title='bbox 514 1857 715 1922; x_wconf 88' lang='grc' dir='ltr'><strong><em>ὑποθετικὸν</em></strong></span> <span class='ocrx_word' id='word_1_128' title='bbox 745 1856 933 1941; x_wconf 79' lang='grc' dir='ltr'><strong><em>ἐφοδεῦσαι.</em></strong></span> <span class='ocrx_word' id='word_1_129' title='bbox 984 1857 1040 1921; x_wconf 84' lang='grc' dir='ltr'><strong><em>διδ</em></strong></span> <span class='ocrx_word' id='word_1_130' title='bbox 1066 1866 1169 1922; x_wconf 90' lang='grc' dir='ltr'><strong><em>τοῦτο</em></strong></span> <span class='ocrx_word' id='word_1_131' title='bbox 1184 1879 1210 1920; x_wconf 83' lang='lat'><strong><em>1⁵</em></strong></span> 
     </span>
    </p>
   </div>
   <div class='ocr_carea' id='block_1_4' title="bbox 121 1939 1306 2046">
    <p class='ocr_par' dir='ltr' id='par_1_4' title="bbox 121 1939 1306 2046">
     <span class='ocr_line' id='line_1_17' title="bbox 121 1939 1306 2046; baseline -0.004 -19"><span class='ocrx_word' id='word_1_132' title='bbox 121 1939 239 2026; x_wconf 68' lang='grc' dir='ltr'><strong><em>Αὅπου</em></strong></span> <span class='ocrx_word' id='word_1_133' title='bbox 261 1961 283 2042; x_wconf 80' lang='grc' dir='ltr'><em>ἡ</em></span> <span class='ocrx_word' id='word_1_134' title='bbox 307 1962 445 2042; x_wconf 88' lang='grc' dir='ltr'><strong><em>σπουδῆ,</em></strong></span> <span class='ocrx_word' id='word_1_135' title='bbox 469 1957 540 2024; x_wconf 78' lang='grc' dir='ltr'><strong><em>ἐκεῖ</em></strong></span> <span class='ocrx_word' id='word_1_136' title='bbox 556 1959 648 2027; x_wconf 76' lang='grc' dir='ltr'><strong><em>καὶὸ</em></strong></span> <span class='ocrx_word' id='word_1_137' title='bbox 672 1960 882 2046; x_wconf 85' lang='grc' dir='ltr'><strong><em>ἐμποδισμός.</em></strong></span> <span class='ocrx_word' id='word_1_138' title='bbox 926 1960 1037 2038; x_wconf 83' lang='grc' dir='ltr'><strong><em>θέλεις</em></strong></span> <span class='ocrx_word' id='word_1_139' title='bbox 1058 1962 1099 2026; x_wconf 81' lang='grc' dir='ltr'><strong><em>τὰ</em></strong></span> <span class='ocrx_word' id='word_1_140' title='bbox 1122 1965 1169 2046; x_wconf 82' lang='grc' dir='ltr'><strong><em>μῆ</em></strong></span> <span class='ocrx_word' id='word_1_141' title='bbox 1301 1947 1306 2006; x_wconf 65' lang='grc' dir='ltr'><strong><em>ὁ</em></strong></span> 
     </span>
    </p>
   </div>
   <div class='ocr_carea' id='block_1_5' title="bbox 103 2061 1211 3100">
    <p class='ocr_par' dir='ltr' id='par_1_5' title="bbox 103 2061 1211 3100">
     <span class='ocr_line' id='line_1_18' title="bbox 155 2061 1170 2151; baseline 0.002 -21"><span class='ocrx_word' id='word_1_142' title='bbox 155 2062 209 2130; x_wconf 82' lang='grc' dir='ltr'><strong><em>ἐπὶ</em></strong></span> <span class='ocrx_word' id='word_1_143' title='bbox 233 2061 286 2128; x_wconf 82' lang='grc' dir='ltr'><strong><em>σοὶ</em></strong></span> <span class='ocrx_word' id='word_1_144' title='bbox 309 2062 342 2142; x_wconf 83' lang='grc' dir='ltr'><strong><em>ἐξ</em></strong></span> <span class='ocrx_word' id='word_1_145' title='bbox 366 2065 522 2142; x_wconf 72' lang='grc' dir='ltr'><strong><em>ἀπαντοςς</em></strong></span> <span class='ocrx_word' id='word_1_146' title='bbox 551 2064 684 2130; x_wconf 86' lang='grc' dir='ltr'><strong><em>κωλῦον</em></strong></span> <span class='ocrx_word' id='word_1_147' title='bbox 707 2069 839 2149; x_wconf 89' lang='grc' dir='ltr'><strong><em>τοίνυν,</em></strong></span> <span class='ocrx_word' id='word_1_148' title='bbox 867 2064 1059 2151; x_wconf 82' lang='grc' dir='ltr'><strong><em>ἐμποδίζον,</em></strong></span> <span class='ocrx_word' id='word_1_149' title='bbox 1087 2066 1170 2132; x_wconf 90' lang='grc' dir='ltr'><strong><em>ἀπο-</em></strong></span> 
     </span>
     <span class='ocr_line' id='line_1_19' title="bbox 104 2165 1170 2256; baseline 0.004 -23"><span class='ocrx_word' id='word_1_150' title='bbox 104 2184 136 2234; x_wconf 84' lang='grc'><strong><em>16</em></strong></span> <span class='ocrx_word' id='word_1_151' title='bbox 155 2170 306 2256; x_wconf 86' lang='grc' dir='ltr'><strong><em>τύγχανε.</em></strong></span> <span class='ocrx_word' id='word_1_152' title='bbox 350 2171 382 2234; x_wconf 88' lang='grc' dir='ltr'><strong><em>εί</em></strong></span> <span class='ocrx_word' id='word_1_153' title='bbox 399 2165 435 2233; x_wconf 77' lang='grc' dir='ltr'><strong><em>δέ</em></strong></span> <span class='ocrx_word' id='word_1_154' title='bbox 453 2168 493 2233; x_wconf 84' lang='grc' dir='ltr'><strong><em>τά</em></strong></span> <span class='ocrx_word' id='word_1_155' title='bbox 511 2169 587 2253; x_wconf 77' lang='grc' dir='ltr'><strong><em>περὶ</em></strong></span> <span class='ocrx_word' id='word_1_156' title='bbox 605 2170 709 2256; x_wconf 90' lang='grc' dir='ltr'><strong><em>ὁρμῆς</em></strong></span> <span class='ocrx_word' id='word_1_157' title='bbox 727 2171 848 2237; x_wconf 87' lang='grc' dir='ltr'><strong><em>τοῦτον</em></strong></span> <span class='ocrx_word' id='word_1_158' title='bbox 866 2170 962 2237; x_wconf 73' lang='grc' dir='ltr'><strong><em>ἕνεκα</em></strong></span> <span class='ocrx_word' id='word_1_159' title='bbox 982 2171 1170 2256; x_wconf 80' lang='grc' dir='ltr'><strong><em>ἀναγιγνώ-</em></strong></span> 
     </span>
     <span class='ocr_line' id='line_1_20' title="bbox 155 2273 1163 2363; baseline 0.002 -23"><span class='ocrx_word' id='word_1_160' title='bbox 155 2291 303 2359; x_wconf 87' lang='grc' dir='ltr'><strong><em>σκοιμεν,</em></strong></span> <span class='ocrx_word' id='word_1_161' title='bbox 327 2273 387 2359; x_wconf 84' lang='grc' dir='ltr'><strong><em>οὐχ</em></strong></span> <span class='ocrx_word' id='word_1_162' title='bbox 411 2275 467 2339; x_wconf 81' lang='grc' dir='ltr'><strong><em>ἵνα</em></strong></span> <span class='ocrx_word' id='word_1_163' title='bbox 491 2274 628 2360; x_wconf 85' lang='grc' dir='ltr'><strong><em>ίδωμεν,</em></strong></span> <span class='ocrx_word' id='word_1_164' title='bbox 650 2279 686 2340; x_wconf 93' lang='grc' dir='ltr'><strong><em>τί</em></strong></span> <span class='ocrx_word' id='word_1_165' title='bbox 705 2274 832 2360; x_wconf 82' lang='grc' dir='ltr'><strong><em>λέγεται</em></strong></span> <span class='ocrx_word' id='word_1_166' title='bbox 855 2276 931 2361; x_wconf 83' lang='grc' dir='ltr'><strong><em>περὶ</em></strong></span> <span class='ocrx_word' id='word_1_167' title='bbox 954 2278 1065 2363; x_wconf 87' lang='grc' dir='ltr'><strong><em>ὁρμῆς,</em></strong></span> <span class='ocrx_word' id='word_1_168' title='bbox 1090 2275 1163 2342; x_wconf 86' lang='grc' dir='ltr'><strong><em>ἀλλ’</em></strong></span> 
     </span>
     <span class='ocr_line' id='line_1_21' title="bbox 155 2374 1211 2467; baseline 0.001 -21"><span class='ocrx_word' id='word_1_169' title='bbox 155 2377 200 2447; x_wconf 80' lang='grc' dir='ltr'><strong><em>ἵν’</em></strong></span> <span class='ocrx_word' id='word_1_170' title='bbox 217 2374 255 2446; x_wconf 81' lang='grc' dir='ltr'><strong><em>εὖ</em></strong></span> <span class='ocrx_word' id='word_1_171' title='bbox 273 2381 440 2465; x_wconf 84' lang='grc' dir='ltr'><strong><em>ὁρμῶμεν·</em></strong></span> <span class='ocrx_word' id='word_1_172' title='bbox 458 2380 499 2444; x_wconf 80' lang='grc' dir='ltr'><strong><em>τὰ</em></strong></span> <span class='ocrx_word' id='word_1_173' title='bbox 515 2378 591 2466; x_wconf 83' lang='grc' dir='ltr'><strong><em>περὶ</em></strong></span> <span class='ocrx_word' id='word_1_174' title='bbox 605 2379 743 2466; x_wconf 85' lang='grc' dir='ltr'><strong><em>ὀρέξεως</em></strong></span> <span class='ocrx_word' id='word_1_175' title='bbox 756 2381 811 2448; x_wconf 79' lang='grc' dir='ltr'><strong><em>καὶ</em></strong></span> <span class='ocrx_word' id='word_1_176' title='bbox 829 2381 1013 2464; x_wconf 86' lang='grc' dir='ltr'><strong><em>ἐκκλίσεως,</em></strong></span> <span class='ocrx_word' id='word_1_177' title='bbox 1031 2383 1087 2447; x_wconf 82' lang='grc' dir='ltr'><strong><em>ἴνα</em></strong></span> <span class='ocrx_word' id='word_1_178' title='bbox 1105 2385 1169 2467; x_wconf 82' lang='grc' dir='ltr'><strong><em>μῆ·</em></strong></span> <span class='ocrx_word' id='word_1_179' title='bbox 1184 2407 1211 2447; x_wconf 77' lang='grc' dir='ltr'><strong><em>οο</em></strong></span> 
     </span>
     <span class='ocr_line' id='line_1_22' title="bbox 154 2481 1169 2574; baseline 0 -22"><span class='ocrx_word' id='word_1_180' title='bbox 154 2485 225 2553; x_wconf 89' lang='grc' dir='ltr'><strong><em>ποτ’</em></strong></span> <span class='ocrx_word' id='word_1_181' title='bbox 249 2487 443 2572; x_wconf 89' lang='grc' dir='ltr'><strong><em>ὀρεγόμενοι</em></strong></span> <span class='ocrx_word' id='word_1_182' title='bbox 461 2481 740 2571; x_wconf 84' lang='grc' dir='ltr'><strong><em>ἀποτογχάνωμεν</em></strong></span> <span class='ocrx_word' id='word_1_183' title='bbox 757 2483 830 2570; x_wconf 74' lang='grc' dir='ltr'><strong><em>μήτ’</em></strong></span> <span class='ocrx_word' id='word_1_184' title='bbox 853 2486 1058 2564; x_wconf 86' lang='grc' dir='ltr'><strong><em>ἐκκλίνοντες</em></strong></span> <span class='ocrx_word' id='word_1_185' title='bbox 1075 2505 1169 2574; x_wconf 89' lang='grc' dir='ltr'><strong><em>περι-</em></strong></span> 
     </span>
     <span class='ocr_line' id='line_1_23' title="bbox 154 2588 1168 2679; baseline 0.003 -22"><span class='ocrx_word' id='word_1_186' title='bbox 154 2595 336 2676; x_wconf 88' lang='grc' dir='ltr'><strong><em>πίπτωμεν·</em></strong></span> <span class='ocrx_word' id='word_1_187' title='bbox 354 2593 394 2657; x_wconf 90' lang='grc' dir='ltr'><strong><em>τδι</em></strong></span> <span class='ocrx_word' id='word_1_188' title='bbox 411 2589 487 2678; x_wconf 79' lang='grc' dir='ltr'><strong><em>περὶ</em></strong></span> <span class='ocrx_word' id='word_1_189' title='bbox 509 2594 715 2676; x_wconf 71' lang='grc' dir='ltr'><strong><em>καθήκοντος</em></strong></span> <span class='ocrx_word' id='word_1_190' title='bbox 733 2588 780 2675; x_wconf 90' lang='grc' dir='ltr'><strong><em>δ’,</em></strong></span> <span class='ocrx_word' id='word_1_191' title='bbox 799 2593 856 2657; x_wconf 77' lang='grc' dir='ltr'><strong><em>ἵνα</em></strong></span> <span class='ocrx_word' id='word_1_192' title='bbox 874 2591 1076 2679; x_wconf 82' lang='grc' dir='ltr'><strong><em>μεμνημένοι</em></strong></span> <span class='ocrx_word' id='word_1_193' title='bbox 1098 2604 1168 2660; x_wconf 82' lang='grc' dir='ltr'><strong><em>τῶν</em></strong></span> 
     </span>
     <span class='ocr_line' id='line_1_24' title="bbox 155 2693 1168 2783; baseline 0.003 -22"><span class='ocrx_word' id='word_1_194' title='bbox 155 2694 298 2782; x_wconf 77' lang='grc' dir='ltr'><strong><em>σχέσεων</em></strong></span> <span class='ocrx_word' id='word_1_195' title='bbox 330 2694 434 2781; x_wconf 83' lang='grc' dir='ltr'><strong><em>μηδέν</em></strong></span> <span class='ocrx_word' id='word_1_196' title='bbox 466 2695 646 2779; x_wconf 85' lang='grc' dir='ltr'><strong><em>ἀλογίστως</em></strong></span> <span class='ocrx_word' id='word_1_197' title='bbox 673 2693 756 2782; x_wconf 70' lang='grc' dir='ltr'><strong><em>μηδὲ</em></strong></span> <span class='ocrx_word' id='word_1_198' title='bbox 783 2694 861 2783; x_wconf 87' lang='grc' dir='ltr'><strong><em>παρ’</em></strong></span> <span class='ocrx_word' id='word_1_199' title='bbox 893 2700 976 2764; x_wconf 81' lang='grc' dir='ltr'><strong><em>αὐτὰ</em></strong></span> <span class='ocrx_word' id='word_1_200' title='bbox 1005 2709 1168 2782; x_wconf 84' lang='grc' dir='ltr'><strong><em>ποιῶμεν·</em></strong></span> 
     </span>
     <span class='ocr_line' id='line_1_25' title="bbox 103 2801 1168 2889; baseline 0.005 -24"><span class='ocrx_word' id='word_1_201' title='bbox 103 2815 135 2865; x_wconf 74' lang='lat'><strong><em>1⁷</em></strong></span> <span class='ocrx_word' id='word_1_202' title='bbox 155 2802 216 2867; x_wconf 87' lang='grc' dir='ltr'><strong><em>οὐκ</em></strong></span> <span class='ocrx_word' id='word_1_203' title='bbox 239 2801 281 2868; x_wconf 85' lang='grc' dir='ltr'><strong><em>ἀν</em></strong></span> <span class='ocrx_word' id='word_1_204' title='bbox 303 2803 552 2886; x_wconf 75' lang='grc' dir='ltr'><strong><em>ἠγανακτοῦμεν</em></strong></span> <span class='ocrx_word' id='word_1_205' title='bbox 574 2803 657 2888; x_wconf 87' lang='grc' dir='ltr'><strong><em>πρὸς</em></strong></span> <span class='ocrx_word' id='word_1_206' title='bbox 678 2803 719 2867; x_wconf 84' lang='grc' dir='ltr'><strong><em>τὰ</em></strong></span> <span class='ocrx_word' id='word_1_207' title='bbox 737 2801 978 2888; x_wconf 77' lang='grc' dir='ltr'><strong><em>ἀναγνώσματα</em></strong></span> <span class='ocrx_word' id='word_1_208' title='bbox 996 2804 1134 2889; x_wconf 78' lang='grc' dir='ltr'><strong><em>ἐμποδιζ</em></strong></span> <span class='ocrx_word' id='word_1_209' title='bbox 1152 2844 1168 2854; x_wconf 93' lang='grc'>-</span> 
     </span>
     <span class='ocr_line' id='line_1_26' title="bbox 154 2905 1207 2996; baseline 0 -24"><span class='ocrx_word' id='word_1_210' title='bbox 154 2929 259 2990; x_wconf 87' lang='grc' dir='ltr'><strong><em>μενοι,</em></strong></span> <span class='ocrx_word' id='word_1_211' title='bbox 282 2907 366 2972; x_wconf 77' lang='grc' dir='ltr'><strong><em>ἀλλὰ</em></strong></span> <span class='ocrx_word' id='word_1_212' title='bbox 387 2916 432 2996; x_wconf 76' lang='grc' dir='ltr'><strong><em>τῷ</em></strong></span> <span class='ocrx_word' id='word_1_213' title='bbox 446 2907 495 2972; x_wconf 84' lang='grc' dir='ltr'><strong><em>’τά</em></strong></span> <span class='ocrx_word' id='word_1_214' title='bbox 518 2908 598 2990; x_wconf 79' lang='grc' dir='ltr'><strong><em>ἔργα</em></strong></span> <span class='ocrx_word' id='word_1_215' title='bbox 621 2905 820 2973; x_wconf 87' lang='grc' dir='ltr'><strong><em>ἀποδιδόναι</em></strong></span> <span class='ocrx_word' id='word_1_216' title='bbox 839 2909 880 2974; x_wconf 79' lang='grc' dir='ltr'><strong><em>τὰ</em></strong></span> <span class='ocrx_word' id='word_1_217' title='bbox 897 2909 1083 2994; x_wconf 78' lang='grc' dir='ltr'><strong><em>κατάλληλα</em></strong></span> <span class='ocrx_word' id='word_1_218' title='bbox 1105 2910 1164 2996; x_wconf 85' lang='grc' dir='ltr'><strong><em>ῆρ-</em></strong></span> <span class='ocrx_word' id='word_1_219' title='bbox 1179 2932 1207 2973; x_wconf 81' lang='grc' dir='ltr'><strong><em>ιε</em></strong></span> 
     </span>
     <span class='ocr_line' id='line_1_27' title="bbox 154 3011 1166 3100; baseline 0.005 -24"><span class='ocrx_word' id='word_1_220' title='bbox 154 3012 305 3095; x_wconf 85' lang='grc' dir='ltr'><strong><em>κούμεθα</em></strong></span> <span class='ocrx_word' id='word_1_221' title='bbox 336 3011 391 3076; x_wconf 76' lang='grc' dir='ltr'><strong><em>καὶ</em></strong></span> <span class='ocrx_word' id='word_1_222' title='bbox 422 3013 632 3096; x_wconf 87' lang='grc' dir='ltr'><strong><em>ῆρνθμοῦμεν</em></strong></span> <span class='ocrx_word' id='word_1_223' title='bbox 662 3011 704 3077; x_wconf 88' lang='grc' dir='ltr'><strong><em>ἀν</em></strong></span> <span class='ocrx_word' id='word_1_224' title='bbox 733 3013 774 3080; x_wconf 88' lang='grc' dir='ltr'><strong><em>οὐ</em></strong></span> <span class='ocrx_word' id='word_1_225' title='bbox 801 3025 904 3080; x_wconf 89' lang='grc' dir='ltr'><strong><em>ταῦτα</em></strong></span> <span class='ocrx_word' id='word_1_226' title='bbox 930 3014 951 3079; x_wconf 81' lang='grc' dir='ltr'><strong><em>ἀ</em></strong></span> <span class='ocrx_word' id='word_1_227' title='bbox 978 3014 1073 3100; x_wconf 81' lang='grc' dir='ltr'><strong><em>μέχρι</em></strong></span> <span class='ocrx_word' id='word_1_228' title='bbox 1099 3025 1166 3082; x_wconf 91' lang='grc' dir='ltr'><strong><em>νῦν</em></strong></span> 
     </span>
    </p>
   </div>
   <div class='ocr_carea' id='block_1_6' title="bbox 154 3268 1166 3550">
    <p class='ocr_par' dir='ltr' id='par_1_6' title="bbox 154 3268 1166 3550">
     <span class='ocr_line' id='line_1_28' title="bbox 225 3268 1164 3347; baseline 0.011 -25"><span class='ocrx_word' id='word_1_229' title='bbox 225 3271 353 3323; x_wconf 67' lang='grc' dir='ltr'><strong><em>ῦκλαίοι</em></strong></span> <span class='ocrx_word' id='word_1_230' title='bbox 373 3268 471 3324; x_wconf 63' lang='grc' dir='ltr'><strong><em>(ἕστατο</em></strong></span> <span class='ocrx_word' id='word_1_231' title='bbox 496 3271 507 3337; x_wconf 77' lang='grc' dir='ltr'><strong><em>λ</em></strong></span> <span class='ocrx_word' id='word_1_232' title='bbox 536 3270 670 3325; x_wconf 82' lang='grc' dir='ltr'><strong><em>θτοῦτον</em></strong></span> <span class='ocrx_word' id='word_1_233' title='bbox 689 3269 774 3326; x_wconf 73' lang='grc' dir='ltr'><strong><em>ἕνεκα</em></strong></span> <span class='ocrx_word' id='word_1_234' title='bbox 793 3271 823 3332; x_wconf 65' lang='grc' dir='ltr'><strong><em>δι</em></strong></span> <span class='ocrx_word' id='word_1_235' title='bbox 853 3275 863 3342; x_wconf 86' lang='grc' dir='ltr'>Ι</span> <span class='ocrx_word' id='word_1_236' title='bbox 894 3269 977 3328; x_wconf 74' lang='grc' dir='ltr'><strong><em>λέπλ</em></strong></span> <span class='ocrx_word' id='word_1_237' title='bbox 995 3274 1082 3330; x_wconf 79' lang='grc' dir='ltr'><strong><em>τούτω</em></strong></span> <span class='ocrx_word' id='word_1_238' title='bbox 1102 3277 1164 3347; x_wconf 75' lang='lat' dir='ltr'><strong><em>Upt.</em></strong></span> 
     </span>
     <span class='ocr_line' id='line_1_29' title="bbox 154 3329 1166 3464; baseline 0.009 -71"><span class='ocrx_word' id='word_1_239' title='bbox 154 3340 243 3394; x_wconf 82' lang='grc' dir='ltr'><strong><em>εοοά.</em></strong></span> <span class='ocrx_word' id='word_1_240' title='bbox 275 3341 285 3406; x_wconf 69' lang='lat' dir='ltr'>fl</span> <span class='ocrx_word' id='word_1_241' title='bbox 317 3341 535 3406; x_wconf 76' lang='grc' dir='ltr'><strong><em>’ίκαταληπτῶν</em></strong></span> <span class='ocrx_word' id='word_1_242' title='bbox 554 3339 584 3399; x_wconf 67' lang='grc' dir='ltr'><strong><em>ὁὸ</em></strong></span> <span class='ocrx_word' id='word_1_243' title='bbox 612 3342 631 3464; x_wconf 41' lang='lat' dir='ltr'><em>Q</em></span> <span class='ocrx_word' id='word_1_244' title='bbox 655 3348 687 3396; x_wconf 79' lang='lat'><strong><em>16</em></strong></span> <span class='ocrx_word' id='word_1_245' title='bbox 705 3339 805 3410; x_wconf 77' lang='grc' dir='ltr'><strong><em>θέληις</em></strong></span> <span class='ocrx_word' id='word_1_246' title='bbox 818 3341 851 3397; x_wconf 79' lang='lat' dir='ltr'><strong><em>S:</em></strong></span> <span class='ocrx_word' id='word_1_247' title='bbox 869 3359 937 3399; x_wconf 77' lang='lat' dir='ltr'><strong><em>corr.</em></strong></span> <span class='ocrx_word' id='word_1_248' title='bbox 955 3361 990 3399; x_wconf 86' lang='lat' dir='ltr'><strong><em>m.</em></strong></span> <span class='ocrx_word' id='word_1_249' title='bbox 1005 3329 1099 3414; x_wconf 44' lang='lat' dir='ltr'><strong><em>reos!</em></strong></span> <span class='ocrx_word' id='word_1_250' title='bbox 1130 3353 1166 3402; x_wconf 79' lang='lat'><strong><em>20</em></strong></span> 
     </span>
     <span class='ocr_line' id='line_1_30' title="bbox 155 3405 1166 3486; baseline 0.013 -26"><span class='ocrx_word' id='word_1_251' title='bbox 155 3405 194 3462; x_wconf 73' lang='grc' dir='ltr'><strong><em>ἵν’</em></strong></span> <span class='ocrx_word' id='word_1_252' title='bbox 215 3405 247 3462; x_wconf 79' lang='grc' dir='ltr'><strong><em>εδ</em></strong></span> <span class='ocrx_word' id='word_1_253' title='bbox 264 3410 376 3476; x_wconf 62' lang='lat' dir='ltr'><strong><em>scripsi.-</em></strong></span> <span class='ocrx_word' id='word_1_254' title='bbox 395 3407 442 3462; x_wconf 79' lang='grc' dir='ltr'><strong><em>ἵνα</em></strong></span> <span class='ocrx_word' id='word_1_255' title='bbox 461 3408 496 3476; x_wconf 70' lang='grc'><strong><em>8,·</em></strong></span> <span class='ocrx_word' id='word_1_256' title='bbox 514 3410 561 3463; x_wconf 75' lang='grc' dir='ltr'><strong><em>ἵνα</em></strong></span> <span class='ocrx_word' id='word_1_257' title='bbox 579 3409 613 3481; x_wconf 86' lang='grc' dir='ltr'><strong><em>&lt;ε</em></strong></span> <span class='ocrx_word' id='word_1_258' title='bbox 634 3410 652 3480; x_wconf 90' lang='grc'>&gt;</span> <span class='ocrx_word' id='word_1_259' title='bbox 670 3411 701 3472; x_wconf 58' lang='lat'><strong><em>80</em></strong></span> <span class='ocrx_word' id='word_1_260' title='bbox 731 3415 741 3480; x_wconf 78' lang='grc' dir='ltr'><strong><em>ΙΙ</em></strong></span> <span class='ocrx_word' id='word_1_261' title='bbox 771 3412 899 3482; x_wconf 83' lang='grc' dir='ltr'><strong><em>ὁμῶμεν</em></strong></span> <span class='ocrx_word' id='word_1_262' title='bbox 917 3431 951 3469; x_wconf 86' lang='lat' dir='ltr'><strong><em>m.</em></strong></span> <span class='ocrx_word' id='word_1_263' title='bbox 970 3431 1035 3470; x_wconf 63' lang='lat' dir='ltr'><strong><em>rea:</em></strong></span> <span class='ocrx_word' id='word_1_264' title='bbox 1055 3415 1166 3486; x_wconf 62' lang='lat' dir='ltr'><strong><em>mm</em></strong></span> 
     </span>
     <span class='ocr_line' id='line_1_31' title="bbox 155 3432 804 3550; baseline 0.009 -19"><span class='ocrx_word' id='word_1_265' title='bbox 155 3477 178 3531; x_wconf 77' lang='lat' dir='ltr'><strong><em>S</em></strong></span> <span class='ocrx_word' id='word_1_266' title='bbox 205 3478 215 3545; x_wconf 91' lang='grc' dir='ltr'><strong><em>ΙΙ</em></strong></span> <span class='ocrx_word' id='word_1_267' title='bbox 246 3483 279 3530; x_wconf 76' lang='lat'><strong><em>21</em></strong></span> <span class='ocrx_word' id='word_1_268' title='bbox 300 3477 531 3546; x_wconf 81' lang='grc' dir='ltr'><strong><em>ἀποτογχολνομεν</em></strong></span> <span class='ocrx_word' id='word_1_269' title='bbox 549 3478 583 3532; x_wconf 78' lang='lat' dir='ltr'><strong><em>S:</em></strong></span> <span class='ocrx_word' id='word_1_270' title='bbox 600 3496 668 3535; x_wconf 76' lang='lat' dir='ltr'><strong><em>corr.</em></strong></span> <span class='ocrx_word' id='word_1_271' title='bbox 688 3481 719 3541; x_wconf 63' lang='grc' dir='ltr'><strong><em>δι</em></strong></span> <span class='ocrx_word' id='word_1_272' title='bbox 747 3483 757 3550; x_wconf 76' lang='grc' dir='ltr'><strong><em>ὁ</em></strong></span> <span class='ocrx_word' id='word_1_273' title='bbox 784 3432 804 3537; x_wconf 74' lang='grc' dir='ltr'><strong><em>ί</em></strong></span> 
     </span>
    </p>
   </div>
   <div class='ocr_carea' id='block_1_7' title="bbox 155 3485 1167 3614">
    <p class='ocr_par' dir='ltr' id='par_1_7' title="bbox 155 3485 1167 3614">
     <span class='ocr_line' id='line_1_32' title="bbox 799 3485 1167 3559; baseline 0.019 -23"><span class='ocrx_word' id='word_1_274' title='bbox 799 3485 961 3546; x_wconf 81' lang='grc' dir='ltr'><strong><em>κκλίναντες</em></strong></span> <span class='ocrx_word' id='word_1_275' title='bbox 975 3485 1006 3540; x_wconf 70' lang='grc' dir='ltr'><strong><em>δι</em></strong></span> <span class='ocrx_word' id='word_1_276' title='bbox 1024 3499 1093 3541; x_wconf 76' lang='lat' dir='ltr'><strong><em>corr.</em></strong></span> <span class='ocrx_word' id='word_1_277' title='bbox 1108 3487 1140 3549; x_wconf 53' lang='lat' dir='ltr'><strong><em>S»</em></strong></span> <span class='ocrx_word' id='word_1_278' title='bbox 1157 3487 1167 3559; x_wconf 72' lang='grc' dir='ltr'><strong><em>λΙ</em></strong></span> 
     </span>
     <span class='ocr_line' id='line_1_33' title="bbox 155 3544 626 3614; baseline 0.011 -16"><span class='ocrx_word' id='word_1_279' title='bbox 155 3551 190 3600; x_wconf 77' lang='lat'><strong><em>25</em></strong></span> <span class='ocrx_word' id='word_1_280' title='bbox 208 3546 243 3600; x_wconf 82' lang='grc' dir='ltr'><strong><em>τὰ</em></strong></span> <span class='ocrx_word' id='word_1_281' title='bbox 261 3544 334 3600; x_wconf 81' lang='grc' dir='ltr'><strong><em>κατὰ</em></strong></span> <span class='ocrx_word' id='word_1_282' title='bbox 352 3546 456 3614; x_wconf 79' lang='grc' dir='ltr'><strong><em>ἄλληλα</em></strong></span> <span class='ocrx_word' id='word_1_283' title='bbox 474 3546 506 3601; x_wconf 80' lang='lat' dir='ltr'><strong><em>S:</em></strong></span> <span class='ocrx_word' id='word_1_284' title='bbox 525 3563 593 3602; x_wconf 83' lang='grc' dir='ltr'><strong><em>οονν.</em></strong></span> <span class='ocrx_word' id='word_1_285' title='bbox 612 3566 626 3603; x_wconf 85' lang='grc' dir='ltr'><strong><em>ε</em></strong></span> 
     </span>
    </p>
   </div>
   <div class='ocr_carea' id='block_1_8' title="bbox 0 0 1318 3924">
    <p class='ocr_par' dir='ltr' id='par_1_8' title="bbox 0 0 1318 3924">
     <span class='ocr_line' id='line_1_34' title="bbox 0 0 1318 3924; baseline 0 1"><span class='ocrx_word' id='word_1_286' title='bbox 0 0 1318 3924; x_wconf 95' lang='lat' dir='ltr'><strong><em> </em></strong></span> 
     </span>
    </p>
   </div>
  </div>
 </body>
</html>
