2626 3924
179 202 244 266 386
326 203 510 255 ΑΡΡΙΑΝΟΤ
527 203 601 255 ΤΩΝ
619 203 837 255 ΕΠΙΚΤΗΤΟΤ
854 204 1049 258 ΔΙΑΤΡΙΒΩΝ

176 361 231 430 καὶ
258 370 360 428 ταῦτα
392 361 447 428 καὶ
474 363 597 448 ἀγροὺς
625 364 711 448 ἔχειν
739 361 980 429 ἐσπουδακέναι
1006 361 1064 429 καὶ
1093 373 1204 430 ταῦτα

123 488 156 536 19
175 467 231 535 καί
253 480 321 534 τῶν
344 472 533 554 δουλαρίων
556 472 745 555 φροντίζειν
768 467 824 535 καὶ
853 480 1004 536 σεαυτοῦ.
1051 468 1127 536 ἀλλ’
1158 473 1202 536 ἀν

175 600 206 640 τι
234 587 301 641 τῶν
328 574 513 662 ἀλλοτρίων
539 572 658 661 θέλῃς,
684 576 725 639 τὰ
753 577 795 640 σά
822 574 980 641 ἀπώλετο.
1026 576 1112 661 αύτῃ
1136 588 1202 644 τοῦ

122 700 157 748 20
176 682 366 768 πράγματος
396 683 416 767 ἡ
450 683 564 767 φύσις·
596 691 717 767 προῖκα
750 677 852 747 οὐδὲν
883 685 1018 765 γίνεται.
1073 681 1132 748 καὶ
1168 688 1205 748 τί

176 793 387 874 θαυμαστύν;
415 789 457 855 ἀν
483 789 662 854 ὑπατεῦσαι
690 786 809 874 θέλῃς,
836 788 1049 873 ἀγρυπνῆσαί
1068 805 1106 854 σε
1133 790 1238 873 δεϊ,ε

176 898 404 983 περιδραμεῖν,
427 897 484 973 τὰς
507 906 618 981 χεῖρας
640 900 874 980 καταφιλῆσαι,
897 896 979 981 πρὸς
1001 906 1072 972 ταῖς
1097 894 1201 960 ἀλλο-

176 1007 282 1087 τρίαις
303 1003 427 1090 θύραις
449 1009 691 1086 κατασαπῆναι,
720 1002 827 1066 πολλὰ
855 997 916 1085 μὲν
939 1003 1059 1085 εἰπεῖν,
1086 1002 1200 1066 πολλὰ

177 1105 215 1173 δὲ
241 1106 362 1193 πρᾶξαι
390 1108 610 1193 ἀνελεύθερα,
643 1108 735 1192 δῶρα
765 1105 892 1191 πέμψαι
918 1112 1069 1191 πολλοῖς,
1103 1104 1201 1184 ξένια

124 1231 157 1279 21
177 1211 254 1280 καθ’
282 1212 407 1297 ἡμέραν
430 1212 543 1290 ένίοις·
566 1211 622 1278 καὶ
645 1217 680 1278 τί
698 1215 735 1278 τὸ
757 1216 937 1298 γινόμενόν
956 1212 1039 1292 έστι;
1063 1214 1200 1278 δώδεκα

178 1320 282 1403 δεσμά
310 1319 445 1403 ῥάβδων
473 1317 528 1384 καὶ
557 1317 628 1405 τρὶς
650 1320 671 1404 ἣ
694 1320 842 1406 τετράκις
865 1318 919 1385 έπὶ
941 1324 1031 1406 βῆμα
1054 1323 1199 1385 καθίσαι
1214 1345 1241 1383 ιο

177 1423 232 1491 καὶ
255 1427 409 1511 κιρκήσια
433 1427 552 1490 δοῦναι
570 1423 626 1490 καὶ
645 1429 782 1512 σπυρίσι
800 1427 976 1491 δειπνίσαι.
1011 1426 1032 1510 ἢ
1056 1424 1199 1504 δειξάτω

125 1548 158 1596 22
178 1534 238 1616 μοί
253 1554 314 1616 τις,
335 1535 371 1596 τί
386 1530 454 1598 ἐστι
476 1534 566 1618 παρὰ
584 1540 695 1598 ταῦτα.
731 1528 816 1619 ὑπὲρ
834 1531 997 1610 ἀπαθείας
1015 1527 1090 1616 οὖν,
1111 1529 1200 1618 ὑπὲρ

178 1636 368 1724 ἀταραξίας,
394 1634 478 1725 ὑπὲρ
507 1649 567 1705 τοῦ
594 1639 805 1705 καθεύδοντα
831 1639 1028 1722 καθεύδειν,
1056 1638 1200 1725 έγρῃγο-

178 1749 258 1829 ρότα
282 1742 514 1830 έγρῃγορέναι,
544 1746 588 1829 μὴ
616 1748 797 1829 φοβεῖσθαι
824 1743 946 1829 μηδέν,
973 1747 1017 1829 μὴ
1046 1743 1201 1827 ἀγωνιᾶν

177 1847 260 1935 ὑπὲρ
284 1851 427 1935 μηδενὸς
449 1847 550 1916 οὐδὲν
573 1849 743 1916 ἀναλῶσαι
765 1848 889 1934 θέλεις,
912 1847 1014 1916 οὐδέν
1036 1858 1201 1934 πονῆσαις
1215 1875 1241 1914 15

124 1974 159 2022 23
178 1952 250 2020 ἀλλ’
285 1957 327 2020 ἀν
358 1978 390 2019 τι
426 1955 591 2041 ἀπόλῃταί
625 1973 687 2022 σου
718 1954 794 2042 περὶ
826 1964 929 2022 ταῦτα
961 1954 1141 2041 γινομένου
1178 1956 1200 2040 ἢ
1295 1960 1296 1990 ¹

179 2060 338 2144 ἀναλωθῇ
361 2069 468 2138 κακῶς
490 2061 511 2145 ἣ
535 2062 635 2140 ἀλλος
657 2063 739 2149 τύχῃ
763 2057 811 2127 ὧν
834 2064 902 2128 ἔδει
926 2079 962 2127 σε
985 2073 1112 2148 τυχεῖν,
1142 2063 1201 2128 εὐ·

126 2183 159 2232 24
178 2170 246 2244 θὺς
270 2168 340 2251 [μὴ]
366 2167 519 2252 δῃῃθύσῃ
544 2165 596 2232 ε’πὶ
619 2177 664 2256 τῷ
689 2167 873 2258 γενομένῳ;
902 2168 963 2233 οὐκ
991 2167 1202 2252 ἀντιθύσεις,

179 2275 215 2339 τί
225 2270 299 2338 ἀντὶ
311 2275 402 2350 τίνος
416 2272 607 2358 λαμβάνεις,
625 2278 732 2340 πόσον
746 2273 822 2339 ἀντὶ
835 2277 954 2359 πόσου,
973 2273 1056 2339 ἀλλά
1074 2285 1201 2359 προῖκα

178 2378 291 2458 θέλεις
312 2381 352 2444 τά
374 2384 553 2464 τηλικαῦτα
575 2383 706 2464 λαβείν;
728 2378 784 2445 καί
806 2391 875 2457 πῶς
893 2381 1053 2458 δύνασαι;
1076 2382 1201 2467 ἔργον
1215 2406 1242 2444 εο

126 2504 160 2554 25
180 2489 289 2576 έργμ.
335 2485 376 2552 ού
405 2487 547 2551 δύνασαι
569 2483 625 2552 καὶ
648 2486 688 2550 τὰ
710 2483 803 2562 ἐκτὸς
827 2486 914 2572 ἔχειν
937 2485 1123 2572 ἐπιμελείας
1144 2510 1201 2551 τε-

179 2595 342 2678 τυχηκότα
364 2588 420 2657 καὶ
442 2593 479 2657 τὸ
503 2599 629 2658 σαυτοῦ
651 2591 860 2675 ἡγεμονικόν.
906 2594 939 2658 εί
956 2591 985 2658 δ’
1010 2591 1119 2658 έκείνα
1137 2591 1201 2658 θέ-

180 2704 263 2783 λεις,
294 2707 392 2764 τοῦτο
424 2699 519 2782 άφες·
552 2700 584 2763 εί
615 2694 652 2763 δὲ
683 2699 744 2782 μή,
781 2698 857 2763 ούτε
885 2708 983 2765 τοῦτο
1011 2697 1094 2776 ἔξεις
1122 2696 1196 2762 οὔτ’

181 2805 301 2888 ἐκεῖνα,
328 2805 577 2892 περισπώμενος
601 2801 649 2868 ἐπ’
676 2801 854 2890 ἀμφύτερα.
901 2806 932 2869 εἰ
952 2814 1049 2870 τοῦτο
1072 2803 1201 2889 θέλεις,

270 3037 287 3084 4
307 3029 341 3084 cf.
361 3045 434 3098 quae
454 3030 517 3086 adn.
537 3031 575 3084 ad
592 3030 639 3100 IV,
654 3038 680 3101 2,
694 3037 720 3088 2.

269 3108 357 3170 bsqq.
377 3099 412 3157 cf.
426 3100 513 3157 Ench.
528 3107 571 3171 25,
586 3107 610 3156 2.

253 3179 286 3230 16
297 3188 357 3240 sqq.
377 3171 412 3226 cf.
436 3171 522 3228 Ench.
537 3178 580 3241 25,
595 3178 625 3227 2:
649 3172 748 3235 ἀδικος
770 3168 822 3228 ούν
845 3167 894 3244 ἔσῃ
912 3204 926 3212 -
940 3203 965 3240 -,
989 3169 1017 3227 εί
1037 3172 1074 3262 μὴ
1098 3170 1200 3241 προιέ-

181 3263 264 3386 μενιῃ
278 3251 374 3309 ταῦτα,
393 3240 464 3296 ἀνθ’
481 3238 520 3297 ὧν
535 3237 630 3297 έκεῖνο
644 3243 840 3314 πιπράσκεται,
858 3249 963 3314 προῖκα
981 3244 1053 3298 αύτα
1072 3242 1199 3316 βουλήσῃ

181 3319 237 3384 λαμ
256 3313 345 3366 άνειν.

255 3493 287 3542 11
307 3475 456 3554 δειπνῆσαι
480 3486 513 3541 S.-
531 3503 599 3545 corr.
620 3488 705 3543 δολιω.
747 3491 756 3557 ΙΙ
799 3495 831 3544 16
850 3487 989 3545 ἀπύλυται
1011 3491 1046 3547 S:
1069 3507 1140 3548 corr.
1159 3509 1199 3550 m.

176 3575 224 3628 pr.
256 3560 266 3627 ΙΙ
299 3561 331 3611 18
351 3555 413 3628 [μὴ]
432 3556 515 3612 dem
546 3562 556 3627 ΙΙ
587 3562 620 3611 21
641 3557 711 3631 ἔργῳ
728 3558 784 3630 <ού
803 3561 954 3634 κοινωνεῖ)
974 3561 1004 3623 δι
