2650 3930
166 199 231 264 218
311 199 495 252 APPIANOT
513 198 588 250 ΤΩΝ
605 198 823 251 ΕΠΙΚΊἩΤΟΤ
841 197 1036 250 ΔΙΑΤΡΙΒΩΝ

130 377 147 427 9
166 371 247 446 ρῶν,
271 355 368 436 οὗτος
390 369 450 425 τοῦ
473 358 605 442 ἀγαθοῦ
628 358 793 444 τυγχάνει.
839 358 938 446 ςαἴρει
967 359 1007 424 τά
1029 361 1182 445 χρήματα

167 467 186 533 ὁ
209 465 336 551 πατήρ.’
374 462 445 530 ἀλλ’
469 465 510 530 ού
529 466 675 549 βλάπτει.
712 464 790 544 ’ἕξει
812 467 849 530 τὸ
872 463 975 530 πλέον
993 475 1053 531 τοῦ
1074 464 1183 550 ἀγροῦ

166 571 206 655 <ὁ
230 570 416 656 ἀδελφός>.’
460 571 541 637 ὅσον
569 569 625 637 καὶ
647 570 750 638 θέλει.
796 573 895 655 μήτι
919 566 981 636 οὖν
1004 580 1065 637 τοῦ
1088 572 1184 656 αίδη-

114 695 148 744 1ο
167 701 284 762 μονος,
312 679 356 762 μη
379 701 410 743 τι
433 687 494 744 τοῦ
516 688 651 761 πιστοῦ,
678 681 722 763 μή
750 702 781 743 τι
808 687 869 742 τοῦ
891 674 1115 763 φιλαδέλφου;
1145 676 1184 742 ἐκ

166 784 286 866 ταύτης
312 784 376 870 γάρ
403 793 460 869 τῆς
487 784 603 860 οὐσίας
629 787 678 860 τίς
701 784 841 849 δύναται
864 783 1030 867 ἔκβαλεῑν;
1060 781 1133 849 οὐδ’
1164 784 1183 849 ὁ
1210 805 1223 846 ι
1305 835 1316 860 ,

167 890 261 967 Ζεύς.
294 887 374 955 ούδέ
393 891 456 976 γάρ
474 889 653 974 ἠθέλησεν,
672 887 743 955 ἀλλ’
761 885 810 953 ἔπ’
833 887 906 974 ἐμοὶ
925 890 1005 956 αὐτὸ
1024 889 1184 974 ἐποίησεν

165 993 221 1061 καὶ
244 998 368 1062 ἔδακεν
392 988 465 1062 οἷον
483 991 573 1081 εἶχεν
591 995 690 1072 αὐτὸς
710 994 893 1078 ἀκώλυτον,
916 993 1183 1079 ἀνανάγκαστον,

166 1100 445 1188 ἀπαραπόδιστον.

115 1227 147 1274 11
224 1207 326 1273 Ὅταν
354 1203 417 1274 οὖν
444 1209 534 1297 ἀλλην
562 1209 644 1274 ἀλλο
673 1209 711 1273 τὸ
742 1211 889 1292 νόμισμα
920 1202 957 1294 ᾖ,
990 1207 1098 1273 ἐκεῖνό
1131 1232 1183 1285 τις

115 1332 148 1380 11
167 1313 276 1392 δείξας
302 1316 369 1400 ἔχει
395 1317 434 1380 τὸ
461 1311 532 1380 ἀντ’
559 1314 662 1380 αὐτοῦ
688 1316 968 1400 πιπρασκόμενον.
1014 1312 1182 1398 ἐλήλυθεν
1198 1336 1226 1376 1ο

166 1423 214 1498 είς
236 1422 297 1505 την
320 1419 479 1506 ἐπαρχίαν
506 1421 644 1505 κλέπτης
671 1420 871 1498 ἀνθύπατος.
916 1423 983 1486 τίνι
1003 1423 1183 1506 νομίσματι

166 1535 297 1612 χρῆται,
321 1525 478 1616 ἀργυρίῳ.
525 1526 635 1605 δεῖξον
656 1524 713 1591 καὶ
735 1526 881 1612 ἀπόφερε
905 1526 923 1592 ὃ
946 1525 1065 1604 θέλεις.
1107 1525 1183 1611 ἔλη-

167 1636 273 1698 λυθεν
309 1636 431 1720 μοιχός.
485 1637 551 1698 τίνι
588 1637 766 1717 νομίσματι
797 1643 928 1719 χρῆται;
967 1635 1181 1719 κορασιδίοις,

167 1737 283 1823 (λάβέ,
310 1743 409 1823 φησί,
437 1738 487 1805 (τὸ
514 1743 660 1824 νόμισμα
686 1737 741 1804 καὶ
768 1741 925 1823 πώλησόν
953 1763 1009 1824 μοι
1037 1742 1074 1805 τὸ
1097 1760 1184 1826 πρα·

115 1862 148 1910 13
167 1844 327 1928 γμάτιον.’
356 1846 414 1922 δὸς
431 1842 487 1910 καὶ
506 1844 653 1931 ἀγόραζε.
684 1845 786 1921 ἀλλος
799 1843 875 1929 περὶ
888 1845 1048 1930 παιδάρια
1062 1844 1182 1911 ἔσπού-
1199 1865 1225 1907 15

168 1951 255 2014 δακε.
295 1952 354 2025 δὸς
377 1950 465 2037 αύτῷ
489 1951 526 2015 τὸ
545 1953 692 2034 νόμισμα
710 1950 766 2016 καὶ
785 1951 864 2036 λάβε
883 1951 901 2017 ὃ
919 1952 1040 2028 θέλεις.
1081 1953 1183 2028 ἀλλος

167 2057 362 2139 φιλόθηρος.
408 2056 466 2131 δὸς
486 2055 643 2141 ίππάριον
663 2060 767 2122 καλὸν
790 2057 811 2141 ἢ
834 2057 1006 2142 κυνάριον·
1022 2059 1182 2141 ὀἰμώζων

166 2157 221 2226 καὶ
245 2157 371 2225 στένων
393 2163 539 2244 πωλήσει
563 2159 634 2227 ἀντ’
661 2162 765 2228 αὐτοῦ
788 2163 806 2228 ὃ
829 2161 948 2240 θέλεις.
994 2164 1094 2240 ἀλλος
1116 2164 1181 2247 γάρ

167 2265 270 2331 αύτδν
293 2262 468 2349 ἀναγκάζει
491 2269 632 2352 ἔσωθεν,
655 2269 672 2335 ὁ
691 2271 728 2334 τὸ
747 2271 892 2353 νόμισμα
910 2275 1008 2333 τοῦτο
1030 2270 1181 2353 τεταχώς.

115 2391 149 2440 14
234 2376 328 2460 Πρὸς
354 2383 452 2440 τοῦτο
480 2375 621 2459 μάλιστα
650 2377 688 2441 τὸ
715 2371 804 2452 εἶδος
832 2375 934 2440 αὑτὸν
961 2372 1181 2459 γυμναστέον.
1197 2395 1226 2436 εο

167 2481 272 2559 εὐθὺς
299 2483 429 2569 ὄρθρου
455 2483 632 2567 προελθὼν
656 2481 695 2547 δν
719 2480 761 2546 ἀν
789 2482 874 2567 ίδης,
897 2479 937 2545 δν
960 2479 1003 2545 ἀν
1026 2478 1182 2566 ἀκούσης,

167 2586 304 2672 ἐξέταζε,
326 2587 510 2673 ἀποκρίνου
534 2589 579 2664 ὡς
601 2590 683 2672 πρὸς
702 2586 860 2672 ἐρώτημα.
905 2589 940 2651 τί
959 2581 1056 2668 εἶδες,
1078 2587 1182 2651 καλὸν

167 2691 187 2775 ἢ
210 2695 329 2776 καλήν,
354 2695 454 2778 ἔπαγε
476 2696 535 2757 τὸν
557 2697 692 2758 κανόνα.
738 2690 958 2776 ἀπροαίρετον
981 2690 1001 2775 ἢ
1026 2712 1182 2777 προαιρε-

239 2886 273 2934 22
285 2897 344 2948 sqq.
370 2881 405 2934 ef.
429 2898 502 2949 quae
526 2881 563 2936 ad
585 2881 620 2948 ΙΙ,
642 2887 683 2950 18,
704 2885 737 2934 15
761 2880 897 2936 adnotavi
923 2883 951 2935 et
975 2880 1062 2936 Ench.
1083 2885 1112 2936 δι
1137 2877 1181 2946 ἔξ-

168 2949 246 3017 ἑταζε
264 2982 278 2990 -
301 2951 350 3004 καί
373 2953 505 3021 δοκίμαζε
528 2959 586 3015 τοῖς
609 2951 726 3006 κανόσιν
751 2949 792 3015 οἷς
812 2951 894 3022 ἔχεις·
918 2953 1017 3024 πρώτῳ
1042 2951 1073 3006 δὲ
1092 2951 1180 3024 τούτῳ

168 3022 217 3075 καί
236 3019 354 3091 μάλιστα
372 3020 492 3091 πότερον
511 3022 629 3092 περὶτὰ
648 3017 695 3091 ἐφ’
717 3021 784 3093 ἡμῖν
803 3017 878 3078 ἔστιν
892 3019 909 3090 ἢ
925 3021 989 3092 περὶ
1005 3021 1040 3076 τά
1059 3024 1110 3077 ούκ
1130 3018 1178 3091 ἐφ’

166 3091 243 3162 ἡμῖν.
280 3089 334 3146 κάν
353 3094 421 3162 περί
435 3113 463 3147 τι
477 3101 532 3148 τῶν
547 3095 598 3148 ούκ
613 3088 661 3162 ἔφ’
677 3092 745 3162 ἡμῖν
763 3087 790 3166 ᾖ,
809 3092 960 3164 πρόχειρον
979 3090 1047 3148 ἔστα
1061 3093 1093 3148 τὸ
1107 3091 1182 3148 διότι

169 3163 252 3218 ούδὲν
271 3163 341 3233 πρὸς
360 3158 416 3233 ἔμέ,

239 3339 309 3411 3<ό
329 3338 472 3412 ἀδελφός)
492 3341 557 3396 add.
577 3341 660 3397 δρίαν.
693 3344 703 3410 ΙΙ
735 3339 841 3409 θῆθε
859 3358 956 3397 eorm
987 3343 997 3410 ζ
1029 3336 1120 3396 ἔκεΐνό
1140 3361 1181 3404 τις

168 3411 198 3471 δι
215 3411 268 3479 (vel
286 3411 343 3479 Sd:
363 3410 470 3473 ἐκεῖνος
488 3410 522 3477 8,·
540 3429 579 3466 an
598 3407 691 3466 ἔκεῑνο
710 3411 748 3466 6?
779 3417 789 3480 fl
822 3417 854 3467 10
879 3410 927 3482 ἔχη
947 3413 977 3473 δι
1010 3415 1020 3482 ΙΙ
1058 3417 1092 3465 14
1110 3411 1182 3481 φησὶ

168 3481 357 3607 &maxses
379 3485 388 3552 ΙΙ
430 3488 462 3537 19
482 3481 639 3550 ἀναγαάζηι
658 3483 692 3538 S:
710 3499 779 3538 εονν.
798 3501 833 3537 m.
848 3501 894 3553 pr.
936 3487 945 3553 ss
986 3489 1021 3538 20
1039 3483 1126 3537 αότδν
1145 3483 1181 3539 S.-
