2650 3930
191 189 255 253 186
337 192 519 244 APPIANOT
537 191 611 244 ΤΩΝ
629 192 846 244 ΕΠΙΚΤΗΤΟΤ
863 191 1057 244 ΔΙΑΤΡΙΒΩΝ

189 351 309 426 εὔνους
331 350 433 439 amq
459 388 497 398 -
525 349 606 417 Οὐδ’
635 348 741 429 οὗτος.
765 349 862 415 -Ὁ
886 349 925 418 δὲ
946 361 1011 418 νῦν
1034 351 1209 436 λοιδορῶν

188 454 249 541 μέν
271 480 361 539 τινα,
391 457 532 544 ὕστερον
554 455 594 524 δὲ
615 457 810 542 θαυμάζωνς
839 495 884 506 -
913 454 997 523 Οὐδ’
1023 454 1130 535 οὗτος.
1160 495 1206 503 -

153 589 168 638 9
193 566 236 628 Τί
259 557 336 643 οὖνς
362 564 504 652 κυνάρια
531 561 684 630 οὐδέποτ’
711 560 797 642 είδες
825 567 984 630 σαίνοντα
1015 562 1070 629 καὶ
1099 580 1207 649 προσ-

188 672 345 748 παίζοντα
364 669 531 755 άλλήλοις,
554 667 598 736 ἵν’
621 677 727 757 εἴπῃς·
751 668 853 736 οὐδὲν
871 672 1104 757 φιλικώτερον;
1125 667 1202 735 ἀλλ’

189 776 277 854 ὅπως
304 778 378 864 ίδρς
404 779 440 842 τί
464 776 533 842 ἐστι
560 779 673 861 φιλία,
700 777 780 862 βάλε
807 776 905 864 κρέας
933 779 980 854 είς
1011 773 1114 862 μέσον
1145 775 1206 841 καὶ
1239 800 1254 838 5

136 907 169 956 10
188 885 310 970 γνώσῃ.
355 884 436 968 βάλε
458 881 514 948 καὶ
532 893 595 949 σοῦ
612 883 668 949 καὶ
686 893 747 949 τοῦ
765 886 904 950 παιδίου
926 881 1030 969 μέσον
1048 881 1206 967 άγρίδιον
1323 872 1324 880 ¹

188 987 243 1054 καὶ
266 991 390 1076 γνώσῃ,
412 1001 480 1067 πῶς
500 1007 537 1055 σε
556 992 594 1055 τὸ
612 991 748 1057 παιδίον
770 989 893 1077 ταχέως
912 988 1090 1076 κατορύξαι
1107 986 1205 1053 θέλει

189 1094 244 1161 καὶ
273 1098 314 1160 σὺ
341 1097 378 1160 τὸ
407 1089 542 1161 παιδίον
569 1096 649 1181 εὔχῃ
680 1095 874 1162 ἀποθανεῖν.
924 1092 995 1162 εἶτα
1027 1099 1069 1160 σὺ
1100 1094 1205 1159 πάλιν
1314 1164 1319 1180 ρ

138 1228 169 1275 11
189 1192 276 1266 ὀἷον
299 1199 462 1286 ἐξέθρεψα
483 1198 614 1267 τέκνον·
644 1203 745 1268 πάλαι
769 1201 919 1288 ἐκφέρει.’
965 1202 1046 1286 βάλε
1068 1204 1205 1285 κορασί-
1323 1187 1324 1190 ¹

189 1308 265 1372 διον
287 1310 418 1390 κομψὸν
447 1305 503 1372 καὶ
526 1307 607 1374 αὐτὸ
627 1309 646 1374 δ
669 1306 778 1395 γέρον
795 1313 887 1394 φίλει
904 1308 1057 1385 κάκεῖνος
1074 1308 1092 1374 ὁ
1111 1305 1204 1385 νέος·
1222 1334 1253 1371 ιο

189 1412 231 1477 δν
254 1412 307 1495 δέ,
337 1410 502 1498 δοξάριον.
547 1412 590 1478 ἂν
618 1409 656 1479 δέ
683 1416 900 1482 κινδυνεῦσαι
929 1413 1003 1501 δέῃ,
1033 1413 1119 1498 ἐρεῖς
1145 1415 1207 1491 τὰς

189 1519 304 1602 φωνάς
326 1519 384 1595 τὰς
405 1527 466 1584 τοῦ
484 1515 649 1602 Ἀδμήτου
672 1523 807 1604 πατρός·

296 1658 404 1727 χαίρεις
422 1656 495 1727 ὁρῶν
514 1666 583 1727 φῶς,
601 1657 710 1728 πατέρα
729 1658 757 1714 δ’
779 1661 812 1714 οδ
830 1662 940 1730 χαίρειν
958 1636 1063 1726 δοκεῖς;

295 1743 391 1809 θέλεις
410 1745 522 1818 βλέπειν
541 1755 610 1816 φῶς,
628 1745 736 1817 πατέρα
755 1745 784 1802 δ’
806 1749 839 1804 oi·
857 1746 955 1803 θέλειν
974 1750 1080 1816 δοκεῖς;

138 1899 170 1946 12
190 1879 253 1938 οίει
275 1873 327 1939 ὅτι
351 1873 476 1950 ἐκεῖνος
503 1872 564 1939 οὐκ
592 1872 698 1957 ἐφίλει
720 1875 758 1939 τὸ
783 1875 871 1940 ίδιον
892 1877 1044 1958 παιδίον,
1075 1875 1128 1941 ὅτε
1152 1900 1206 1960 μι-
1222 1901 1252 1940 ιι

189 1981 271 2063 κρὸν
294 1975 348 2063 ἦν,
372 1976 452 2045 οὐδὲ
472 1978 698 2065 πυρέσσοντος
720 1981 824 2047 αὐτοῦ
846 1983 973 2065 ἠγωνία
996 1979 1069 2048 οὐδ’
1092 1983 1207 2065 ἔλεγεν
1321 1989 1324 2016 ¹

189 2085 347 2162 πολλάκις
379 2086 429 2150 ὅτι
461 2086 604 2172 ’ὤφελον
634 2085 698 2170 ἐγὼ
732 2092 859 2171 μᾶλλον
891 2087 1103 2174 ἐπύρεσσον’;
1134 2083 1207 2153 εἶτα

191 2189 350 2267 ἐλθόντος
373 2201 434 2258 τοῦ
456 2193 646 2276 πράγματος
669 2191 724 2258 καὶ
748 2192 940 2276 ἐγγίσαντος
960 2193 1022 2279 δρα
1041 2195 1113 2271 οίας
1135 2219 1206 2281 φω-

140 2322 172 2370 13
191 2298 251 2374 νὰς
278 2297 426 2384 ἀφιᾶσιν.
472 2299 490 2365 ὁ
515 2296 684 2382 Ἐτεοκλῆς
710 2297 765 2364 καί
793 2303 1003 2384 Πολυνείκης
1030 2298 1092 2365 οὐκ
1118 2295 1207 2383 ἦσαν

192 2402 228 2468 ἐκ
251 2412 308 2488 τῆς
331 2404 432 2490 αὐτῆς
448 2407 571 2492 μητρὸς
592 2403 648 2472 καὶ
668 2413 728 2471 τοῦ
754 2404 858 2471 αὐτοῦ
880 2407 1016 2490 πατρός;
1040 2403 1101 2471 οὐκ
1118 2401 1207 2489 ἦσαν
1222 2439 1253 2476 ιο

193 2510 491 2598 συντεθραμμένοι,
510 2513 781 2596 συμβεβιωκότες,
804 2512 1070 2597 σνμπεπωκότες,
1089 2527 1207 2595 συγκε-

192 2615 400 2703 κοιμημένοι,
418 2617 576 2694 πολλάκις
593 2615 759 2700 ἀλλήλους
776 2621 1089 2703 καταπεφιληκότεςς
1113 2616 1208 2703 ὥστ’,

265 2852 351 2913 fisqq.
371 2843 406 2900 cf.
426 2845 512 2900 Ench
532 2851 576 2909 31,
590 2851 619 2898 4:
649 2842 736 2899 ἐνθεν
759 2844 808 2898 καὶ
831 2845 924 2916 πατὴρ
947 2845 1002 2900 ὑπὸ
1025 2844 1090 2900 υίοῦ
1114 2847 1208 2900 λοιδο-

193 2921 296 2985 ρειται,
325 2913 393 2970 ὅταν
416 2925 471 2971 τῶν
495 2886 655 2970 δοκούντων
679 2916 799 2986 ἀγαθῶν
829 2867 924 2972 εἷναιρ
926 2921 964 2990 τῷ
987 2916 1070 2971 παιδὶ
1097 2916 1134 2986 μὴ
1158 2935 1208 2986 με-

193 2988 306 3112 mdiv}
317 3055 412 3126 Eurip.
432 3056 537 3112 Alcest.
551 3063 611 3112 691.

266 3135 299 3184 19
311 3145 370 3196 sqq
386 3127 420 3183 cf.
436 3127 523 3182 Ench
538 3134 581 3194 31,
596 3135 626 3182 4ι
646 3126 695 3181 καί
708 3129 885 3196 Πολυνείκην
899 3128 948 3183 καλ
963 3125 1110 3184 Ἐτεοκλέα
1124 3127 1205 3184 τοῦτ’

194 3196 307 3270 ἐποίησε
326 3201 475 3269 πολεμίους
493 3199 621 3266 ἀλλήλοις
639 3199 670 3252 τὸ
688 3199 803 3267 ἀγαθὸν
821 3201 936 3254 οἴεσθαι
953 3199 1005 3268 τὴν
1023 3202 1188 3272 τυραννίδα.

267 3410 401 3471 Ιεῦνους
424 3409 512 3473 Wolf:
531 3408 674 3462 εδνουνθ
698 3409 708 3476 ΙΙ
734 3408 888 3471 ὅὸπωςεε
907 3410 1017 3466 ὅτανδ’
1050 3414 1059 3481 ΙΙ
1097 3415 1131 3463 14
1148 3429 1208 3466 νει·-

194 3497 254 3535 ενοι
285 3487 317 3534 ut
347 3479 542 3601 interpolatum
569 3479 666 3532 delevit
692 3477 777 3532 θείαν.
827 3481 837 3545 ΙΙ
883 3486 915 3532 17
943 3480 1000 3550 εδφ
1002 3482 1066 3534 ελον
1093 3480 1117 3534 S
1140 3483 1210 3548 (fuit

194 3550 315 3618 ι’άφελον)
347 3551 356 3618 ΙΙ
388 3543 575 3616 ἐπάρεσονδε
594 3562 662 3601 corr.
681 3564 695 3600 8
720 3549 731 3614 ΙΙ
760 3553 791 3600 19
810 3500 1045 3617 πολυονείκηςδε
1063 3565 1132 3606 corr.
1152 3551 1181 3609 8,
