2630 3928
138 172 167 225 (1,
182 167 319 225 πει-ου
441 159 594 211 ΒΙΒΔΙΟΝ
611 157 770 212 ΠΡΩΤΟΝ.
799 156 850 211 ια’.
1113 155 1157 219 43

141 318 265 386 Οὐδέν.
294 358 330 366 -
358 321 402 384 Εἰ
424 317 455 383 δ’
481 321 588 397 άλλως
610 318 690 403 ἡμῖν
714 319 831 404 ἐφάνη,
853 323 889 384 τί
908 317 950 383 άυ
971 320 1053 384 άλλο
1075 317 1096 402 ἢ
1120 320 1157 384 τὸ

140 426 246 505 δόξαν
270 425 487 512 ἐπράττομενς
512 425 574 491 οὐκ
592 421 654 492 οὖν
678 423 733 491 καὶ
756 434 801 513 τῷ
822 423 966 510 Ἀχιλλεῖ
986 435 1084 491 τοῦτο
1107 430 1157 490 αἰ·
1176 441 1209 490 31

135 557 214 598 τιον
246 541 309 599 τοῦ
340 539 495 616 πενθεῖν,
532 531 593 618 οὐχ
628 532 646 598 ό
681 541 741 597 τοῦ
775 535 973 617 Πατρόκλου
1010 531 1157 608 θάνατος

134 636 255 726 (ἄλλος
283 639 347 723 γάρ
374 663 424 716 τις
452 639 493 704 ού
516 639 633 726 πάσχει
656 647 758 705 ταῦτα
781 649 842 705 τοῦ
870 636 1003 725 ἑταίρου
1031 637 1159 703 ἀποθα-

104 743 286 832 ενόντος),
312 742 384 811 ἀλλ’
412 746 462 810 ὅτι
485 745 598 824 ἔδοξεν
622 745 721 833 αύτῷ.
767 743 822 810 καὶ
846 743 899 811 σοὶ
922 748 995 811 τότε
1018 745 1156 830 φεύγειν
1175 760 1208 809 32

132 863 237 918 τοῦτο
261 851 342 918 αὐτὸ
367 852 417 918 ότι
440 849 555 930 ἔδοξέν
579 868 646 919 σοι·
670 850 725 917 καὶ
748 852 861 937 πάλιν,
884 850 942 917 ἐὰν
961 854 1086 937 μείνῃς,
1105 851 1156 916 ὅτι

133 956 253 1036 ἔδοξέν
277 974 340 1023 σοι.
384 956 440 1023 καὶ
463 969 528 1024 νῦν
552 957 588 1024 ἐν
607 955 713 1044 Ῥώμη
737 957 871 1044 άυίρχη,
900 957 951 1024 ὅτι
974 960 1068 1023 δοκεῖ
1088 973 1154 1022 σοι·

135 1064 200 1130 κάν
225 1061 400 1150 μεταδόξῃ,
423 1063 485 1129 οὐκ
508 1063 550 1129 άν
570 1063 743 1150 άπελεύση.
789 1061 844 1129 καὶ
867 1061 978 1140 ἁπλῶς
996 1062 1071 1128 οὔτε
1092 1063 1155 1127 θά-
1174 1083 1207 1132 33

134 1193 238 1248 νατος
266 1172 341 1236 οὔτε
369 1172 459 1256 φυγὴ
488 1171 564 1236 οὕτε
592 1174 693 1248 πόνος
722 1171 799 1236 οὔτε
827 1171 908 1235 άλλο
937 1194 968 1235 τι
997 1180 1064 1234 τῶν
1088 1193 1155 1235 τοι-

94 1296 122 1335 1⁰
136 1278 249 1343 ούτων
268 1279 375 1342 αίτιόν
395 1276 464 1342 ἐστι
482 1287 542 1342 τοῦ
560 1277 716 1358 πράττειν
734 1301 766 1342 τι
783 1276 805 1361 ἣ
823 1278 868 1361 μὴ
887 1276 1041 1361 πράττειν
1060 1275 1154 1360 ἡμᾶς,

137 1381 211 1449 ἀλλ’
237 1383 420 1467 ὑπολήψεις
441 1381 497 1448 καὶ
520 1385 676 1467 δόγματα.

210 1492 318 1555 Τοῦτό
341 1505 377 1554 σε
400 1492 507 1554 πείθω
531 1489 551 1574 ἦ
575 1489 664 1574 ούγί;
690 1526 732 1536 -
751 1491 901 1574 Πείθεις,
924 1491 998 1573 ἔφη.
1024 1525 1062 1536 -
1090 1480 1153 1553 Οἷα
1173 1507 1207 1556 34

138 1597 181 1680 δὴ
200 1596 241 1659 τά
259 1601 348 1660 αίτια
366 1591 419 1680 ἐφ’
443 1593 592 1679 ἑκάστου,
612 1604 747 1661 τοιαῦτα
765 1593 820 1660 καὶ
838 1596 877 1660 τά
898 1595 1154 1679 ἀποτελούμενοι.

136 1702 264 1768 οὐκοῦν
288 1701 368 1766 ὅταν
391 1703 435 1786 μὴ
460 1701 572 1787 ὀρθῶς
594 1725 626 1766 τι
647 1701 854 1786 πράττωμεν,
877 1700 941 1767 άπὸ
959 1702 1079 1785 ταύτης
1096 1711 1154 1785 τῆς
1172 1720 1206 1769 35

48 1842 52 1850 ·
95 1825 122 1866 ιε
136 1806 261 1892 ἡμέρας
291 1803 392 1872 οὐδὲν
419 1808 500 1873 άλλο
528 1809 747 1894 αἰτιασόμεθα
771 1808 791 1892 ἢ
814 1809 852 1874 τὸ
883 1809 1001 1892 δόγμα,
1028 1803 1085 1892 ἀφ’
1113 1804 1154 1873 οὗ

136 1913 218 1980 αὐτὸ
238 1913 435 1998 ἐπράξαμεν,
453 1913 586 1980 κάκεῖνο
610 1913 752 1995 ἐξαίρειν
774 1912 830 1979 καλ
853 1911 1020 1998 ἐκτέμνειν
1041 1934 1153 1999 πειρα-

137 2023 267 2106 σόμεθα
295 2023 421 2102 μᾶλλον
449 2019 469 2104 ἦ
497 2020 537 2084 τά
565 2021 699 2104 φύματα
724 2018 780 2085 καί
808 2020 848 2084 τά
876 2019 1090 2104 ἀποστήματα
1118 2019 1153 2086 ἐκ
1249 2053 1253 2060 ·

136 2137 196 2192 τοῦ
230 2127 388 2210 σώματος.
434 2125 590 2202 ὡσαύτως
622 2121 659 2190 δὲ
691 2124 747 2191 καὶ
780 2137 847 2191 τῶν
874 2125 988 2212 ὀρθῶς
1014 2148 1152 2212 πραττο-
1171 2147 1206 2196 36

136 2231 247 2317 μόνων
278 2230 399 2297 ταύτδυ
429 2241 527 2297 τοῦτο
558 2237 666 2297 αἴτιον
696 2231 944 2317 ἀποφανοῦμεν.
994 2231 1050 2298 καὶ
1079 2231 1147 2298 οὔτ’
1172 2253 1205 2300 37

97 2355 124 2396 ω
137 2338 270 2422 οἰκέτην
297 2340 345 2403 ἔτι
378 2339 596 2421 αἰτιασόμεθα
629 2339 704 2404 ούτε
736 2343 870 2423 γείτονα
902 2339 979 2404 ούτε
1010 2351 1152 2421 γυναῖκα

137 2447 214 2511 ούτε
242 2442 341 2509 τέκνα
368 2444 413 2520 ὡς
443 2444 531 2510 αἰτιά
554 2468 656 2509 τινοιν
679 2456 789 2510 κακῶν
811 2445 892 2528 ἡμῖν
915 2446 1074 2528 γινόμενα
1096 2467 1152 2510 πε-

135 2548 309 2635 πεισμένοι
336 2550 402 2633 ὅτι,
433 2549 475 2615 άν
502 2551 547 2634 μὴ
576 2549 655 2634 ἡμῖν
684 2549 763 2637 δόξη
791 2551 926 2616 τοιαῦτά
953 2574 1028 2615 τινα
1056 2546 1152 2636 εἰναι,

136 2658 178 2726 οὐ
201 2657 388 2742 πράττομεν
410 2657 451 2721 τὰ
474 2654 658 2722 ἀκόλουθα·
682 2667 742 2722 τοῦ
766 2657 859 2734 δόξαι
878 2653 954 2742 δδῆ
978 2658 1022 2742 μὴ
1046 2657 1151 2741 δόξαι,

11 2797 19 2824 ι
136 2765 231 2850 ἡμεῖς
254 2764 364 2848 κύριοι
387 2760 443 2828 καὶ
466 2762 508 2827 ού
530 2764 571 2827 τὰ
590 2761 689 2839 ἐκτός.
708 2799 753 2810 -
773 2763 898 2849 Ούτοις,
921 2766 993 2848 ἔφη.
1016 2803 1053 2811 -
1072 2761 1151 2831 Ἀπὸ
1170 2784 1204 2834 38

98 2885 122 2927 ²⁶
136 2879 193 2955 τῆς
216 2871 361 2955 σήμερον
382 2871 500 2934 τοίνυν
523 2867 646 2955 ἡμέρας
669 2864 770 2934 οὐδὲν
788 2870 870 2935 άλλο
889 2869 1151 2957 ἐπισκοπήσομεν

136 2995 352 3007 ——..-.

209 3070 295 3130 τερα.
314 3061 404 3116 Ench.
424 3065 465 3115 16.

209 3139 243 3187 14
254 3150 313 3201 sqq.
337 3130 424 3184 Ench.
444 3139 474 3186 δι
502 3131 570 3186 ὅταν
594 3129 645 3186 οὖν
673 3128 889 3202 ἔμποδιζώμεθα
912 3165 923 3172 -
942 3165 957 3174 -
974 3166 988 3174 -
1011 3132 1150 3204 μηδέποτε

137 3205 223 3260 ἄλλον
238 3201 405 3273 αἰτιώμεθα,
424 3199 486 3256 ἀλλ’
508 3202 636 3270 ἑαυτούς,
656 3200 732 3257 τοῦτ’
755 3201 812 3257 ἔστι
830 3202 865 3257 τὰ
884 3197 992 3258 ἑαυτῶν
1016 3203 1150 3274 δόγματα.

211 3389 222 3435 ι
245 3379 272 3436 ιι
289 3378 317 3434 ε’
338 3397 365 3436 s.-
383 3362 446 3434 *ιλ
469 3379 596 3446 samm
614 3381 707 3435 ιιιιιιι
724 3377 752 3434 ε’
773 3382 858 3449 μα),
876 3379 913 3433 ει
932 3379 960 3434 ε’
977 3383 1017 3435 ιιι.
1035 3381 1126 3436 Trina
1142 3384 1149 3450 ι

137 3450 197 3508 ἀλλ’
220 3452 257 3515 ὡς
275 3450 308 3512 δε
336 3452 361 3535 λ,
378 3457 393 3504 6
406 3450 555 3578 ριήνηςνδι
576 3467 645 3506 corr.
664 3467 698 3504 m.
714 3468 760 3520 pr.
780 3454 801 3542 „n
837 3456 867 3503 12
886 3451 1015 3534 πεισθεὶς
1029 3451 1062 3505 S:
1080 3469 1149 3507 corr.

139 3524 168 3585 δι
198 3525 207 3592 ΙΙ
241 3528 274 3578 16
293 3523 387 3578 malam
421 3523 529 3591 ξαιρειν
555 3525 565 3590 [Ι
594 3527 626 3576 19
641 3521 846 3590 όιποφανοομαι
861 3521 893 3575 S:
912 3528 944 3575 ιιί
961 3523 1026 3587 md„
1049 3537 1151 3576 εοεαε
