2636 3930
127 171 185 226 (111,
199 175 232 226 21,
247 175 333 225 ιε-ιε,
348 169 369 221 1)
406 161 556 214 BIBAION
574 162 715 216 ΤΡΙΤΟΝ.
736 161 794 214 ια’.
815 161 871 232 ιβ’.
1073 161 1138 226 263

127 321 189 404 τὴν
213 322 389 405 βασιλικὴν
416 318 472 385 καὶ
500 319 752 406 ἐπιπληκτικην,
779 323 824 399 ὡς
846 325 981 406 Ζήνωνι
1008 323 1069 406 τὴν
1093 325 1142 388 δι-

128 428 333 511 δασκαλικὴν
360 424 415 492 καὶ
444 428 656 511 δογματικήν.
702 429 744 492 σὺ
773 425 802 491 δ’
832 429 976 512 ἰατρεῖον
999 427 1143 514 άνοίγεις
1160 447 1195 495 20

128 534 211 598 ἄλλο
231 529 333 598 οὐδὲν
351 535 438 618 ἔχων
456 531 477 616 ἢ
496 535 664 618 φάρμαιια,
686 541 753 599 ποῦ
772 529 809 597 δέ
827 531 847 616 ἢ
867 544 938 610 πῶς
960 532 1142 601 ἐπιτίθεται

127 648 244 721 ταῦτα,
266 643 345 723 μήτε
369 639 466 716 είδὼς
488 643 568 724 μήτε
587 641 917 724 πολυπραγμονήσας.
954 640 1042 707 ’ίδοὺ
1062 641 1142 708 ἐκεῖ·
1162 659 1194 707 21

91 764 109 804 5
129 768 188 822 νος
202 753 314 827 ταῦτα,
328 747 499 830 κολλύρια·
518 744 608 828 κάγὼ
624 744 707 831 ἔχω’
738 748 782 830 μή
801 768 832 810 τι
852 739 914 810 οὖν
932 742 1066 831 καλιὴν
1086 749 1143 813 δύ-

126 875 230 934 ναμιν
254 852 314 935 τὴν
336 853 517 937 χρηστικὴν
535 851 665 929 αὐτοῖς;
691 853 735 935 μή
754 874 786 916 τι
805 845 898 928 οἶδας
918 849 972 916 καί
991 855 1070 918 πότε
1088 852 1143 918 καὶ

126 965 198 1032 πῶς
221 956 385 1041 ὠφελήσει
407 954 463 1022 καὶ
485 960 574 1033 τίνας
597 960 633 1023 τί
652 952 714 1022 οὖν
732 958 883 1041 κυβεύεις
906 954 943 1020 έν
961 967 1031 1034 τοῖς
1054 963 1143 1042 μεγί-
1162 976 1195 1024 22

128 1079 231 1146 στοις,
250 1065 284 1127 τί
300 1063 522 1149 ρᾳδιουργεῖς,
540 1066 575 1128 τί
591 1061 764 1148 ἐπιχειρεῖς
781 1063 948 1149 πράγματι
967 1062 1072 1147 μηδέν
1091 1079 1144 1130 σοι

126 1168 345 1251 προσήκοντα
370 1169 452 1253 ἄφες
471 1168 552 1233 αὐτὸ
571 1179 641 1245 τοῖς
659 1168 868 1252 δυναμένοις,
886 1180 956 1244 τοῖς
973 1178 1144 1253 κοσμοῦσι.

80 1293 113 1332 ιο
128 1275 174 1358 μη
198 1277 401 1359 προστρίβου
428 1270 484 1339 καὶ
511 1274 609 1350 αὐτὸς
637 1269 750 1359 αἶσχος
780 1277 964 1360 φιλοσοφίᾳ
987 1277 1042 1340 διδ
1065 1293 1145 1341 σαυ-

127 1390 202 1465 τοῦ,
230 1375 313 1464 μηδδ
337 1382 434 1463 γίνου
465 1378 563 1465 μέρος
585 1390 652 1445 τῶν
685 1381 935 1463 διαβαλλόντων
966 1384 1004 1446 τὸ
1037 1384 1145 1466 ἔργον.

129 1485 215 1551 ἀλλὰ
238 1491 267 1549 εί
291 1501 327 1549 σε
350 1495 543 1570 ψυχαγωγεῖ
564 1487 603 1549 τά
621 1486 830 1571 θεωρήματα,
854 1489 1044 1572 καθήμενος
1061 1488 1144 1552 αὐτά
1163 1505 1197 1554 23

130 1591 251 1678 στρέφε
284 1591 384 1668 αὐτὸς
417 1589 470 1656 ἐπὶ
502 1600 657 1657 σεαυτοῦ·
695 1594 884 1676 φιλόσοφον
918 1588 954 1656 δὲ
986 1591 1141 1678 μηδέποτ’

130 1705 226 1784 εἴπης
248 1699 389 1764 σεαυτὸν
408 1693 485 1782 μηδ’
508 1699 611 1763 άλλου
633 1696 760 1782 ἀνάσχῃ
780 1696 945 1781 λέγοντος,
968 1696 1052 1762 άλλά
1071 1697 1145 1780 λέγε

87 1821 115 1862 15
132 1803 362 1886 ‘mul-dmm·
386 1803 450 1887 ἐγὼ
470 1805 533 1890 γάρ
553 1799 622 1869 οὔτ’
644 1801 801 1889 ὀρέγομαι
819 1804 927 1879 άλλως
944 1801 964 1886 ἢ
984 1806 1146 1889 πρότερον

131 1906 205 1976 οὐδ’
234 1910 325 1995 ὁρμῶ
350 1904 399 1975 ἐπ’
426 1912 510 1976 άλλα
533 1906 620 1977 οὐδὲΙ
636 1913 916 1994 συγκατατίθεμαι
937 1909 1050 1986 ἄλλοις
1069 1907 1141 1976 οὐδ’

132 2016 218 2091 ὅλως
241 2013 278 2079 έν
300 2017 415 2100 χρήσει
426 2006 629 2100 Ιφαντασιῶν
646 2016 841 2102 παρηλλαχά
858 2040 890 2081 τι
909 2014 974 2082 άπὸ
992 2025 1049 2101 τῆς
1065 2018 1147 2101 ’πρό-

132 2145 231 2208 τερον
249 2121 495 2199 καταστάσεως’.
532 2132 635 2188 ταῦτα
652 2125 772 2209 φρόνει
789 2121 844 2188 καὶ
863 2121 937 2206 λέγε
956 2120 1032 2208 περί
1051 2140 1147 2187 σεαυ-
1166 2139 1201 2189 24

131 2238 205 2313 τοῦ,
228 2229 260 2292 εί
276 2225 387 2305 θέλεις
405 2229 445 2294 τὰ
463 2225 535 2293 κατ’
557 2226 653 2307 ἀξίαν
670 2239 824 2314 φρονεῖν·
848 2232 879 2293 εἰ
897 2224 934 2293 δέ
953 2231 1010 2312 μή,
1028 2229 1147 2312 κύβευε

91 2351 119 2392 ²0
133 2334 189 2400 καί
212 2336 299 2400 ποίει
322 2335 343 2400 δ
365 2345 479 2411 ποιεῖς.
524 2341 627 2398 ταῦτα
650 2335 713 2420 γάρ
737 2349 791 2399 σοι
813 2332 938 2420 πρέπει.

420 2683 485 2772 νβ’.
522 2683 621 2774 Περὶ
645 2689 860 2770 Κυνισμοῦ.

202 2827 408 2915 Πυθομένον
442 2825 479 2894 δὲ
515 2838 582 2894 τῶν
619 2831 797 2913 γνωρίμων
828 2829 919 2905 τινὸς
953 2827 1072 2912 αὐτοῦ,
1109 2826 1179 2904 δςι

136 2935 288 3022 ἐφαίνετο
312 2934 493 3021 έπιρρεπῶς
516 2936 600 3020 ἔχων
623 2936 706 3020 πρὸς
727 2936 765 3000 τὸ
788 2937 932 3018 κυνίσαι,
955 2936 1053 3000 ποῖόν
1074 2957 1148 2999 τινα

15 3056 18 3068 ’
135 3039 223 3108 εἶναι
252 3043 306 3107 δεῖ
331 3044 391 3107 τὸν
418 3043 592 3118 κυνίζοντιι
618 3038 673 3105 καὶ
704 3043 754 3116 τίς
784 3040 805 3124 ἡ
837 3042 1002 3126 πρόληψις
1033 3040 1054 3124 ἡ
1086 3048 1146 3105 τοῦ

209 3221 242 3271 13
250 3232 310 3284 sqq.
321 3215 460 3272 Ench.46:
471 3215 614 3284 Μηδαμοῦ
625 3215 742 3269 σεαυτὸν
754 3215 834 3286 είπης
844 3213 1015 3284 φιλόσοφον;
1029 3213 1063 3269 cf.
1071 3219 1114 3282 48,
1123 3219 1149 3269 2.

136 3323 350 3334 κ*-

209 3380 332 3458 5παῦτα
351 3373 428 3458 <τδι>
448 3373 580 3444 κολλάρια
601 3373 714 3458 Οοτιιεες
735 3375 851 3457 ἰονλυεεε
864 3376 901 3458 ,ιἰι
918 3381 1007 3458 ταῦτα
1026 3373 1091 3428 λαλεῖ
1108 3374 1150 3428 ντί

133 3452 197 3517 poet
224 3446 255 3501 ιδ
282 3447 385 3501 ικοιάιῖ
411 3446 572 3502 vocabulum
594 3446 708 3516 αλιηνοά
730 3462 748 3500 υ
770 3446 881 3501 medaeas
903 3451 1051 3513 υειῖαῖαυι,
1077 3445 1150 3500 velut

138 3515 304 3586 μαλάγματα
336 3519 346 3586 ΙΙ
377 3523 410 3570 23
430 3535 494 3572 τινα
513 3515 560 3576 So:
578 3535 605 3569 τι
624 3517 645 3571 S
