2636 3930
181 199 247 264 260
328 199 512 252 APPlANOT
530 199 605 250 ΤΩΝ
622 199 839 250 ΕΠῙΚΤΗΤΟΤ
855 197 1049 251 ΔΙΑΤΡΙΒΩΝ

181 362 235 425 δελ
254 358 430 442 ὑπολάβω,
458 357 500 424 άν
523 356 598 444 ιιερλ
620 361 740 442 νόσου,
770 357 812 424 ἀν
835 356 912 444 περὶ
935 354 1109 444 ἀναρχίας,
1134 359 1204 424 οὐκ

181 462 278 551 άρκεϊ
303 489 374 549 μοις
403 463 464 530 οὐκ
492 463 641 550 ὠφέλιμα
664 467 769 543 ἐσται;
798 475 869 541 πῶς
895 458 958 530 οὖν
986 465 1032 528 ἐτι
1059 461 1097 528 ἐν
1126 475 1204 540 τοῖς

131 587 164 636 18
184 570 277 648 ἐκτὸς
307 572 347 635 τά
373 571 456 637 κακά
484 569 540 636 καὶ
565 568 697 654 τάγαθά
730 573 784 636 δεῖ
810 593 851 655 με
880 573 1001 655 ζητείνς
1033 565 1116 633 ἀλλὰ
1152 573 1202 648 τίς

181 687 284 744 ταῦτα
307 676 402 763 μέχρι
426 671 506 761 ὧδε,
533 681 580 754 είς
603 672 697 742 οἶκον
720 674 750 742 δ’
778 674 888 753 οὐδεὶς
918 669 1090 760 ἀποφέρει·
1119 673 1197 742 ἀλλ’

128 851 131 858 ,
182 784 286 860 εὐθὺς
307 786 391 870 πρὸς
408 785 445 858 τὸ
463 783 643 868 παιδάριον
661 784 815 866 πόλεμος,
837 782 921 867 πρὸς
936 783 1015 857 τοὺς
1032 782 1200 867 γείτονας,
1232 803 1245 842 ⁵

129 905 163 953 19
181 893 264 977 πρὸς
285 893 364 966 τοὺς
383 889 589 971 σκώψαντας,
612 889 695 973 πρὸς
713 889 793 963 τοὺς
809 885 1101 969 καταγελάσαντας.
1138 911 1201 952 κα-

182 1001 247 1072 λῶς
277 993 407 1078 γένοιτο
439 996 588 1082 Λεσβίῳ,
621 992 672 1058 ὅτι
702 1015 741 1076 με
773 989 850 1056 καθ’
875 989 1002 1077 ἡμέραν
1034 990 1201 1078 ἐξελέγχει

182 1097 286 1185 μηδὲν
310 1101 429 1165 είδότα.

218 1518 283 1590 κα’.
320 1522 427 1607 Πρὸς
448 1523 540 1597 τοὺς
562 1518 735 1596 εὐκόλως
758 1517 819 1584 ἐπὶ
841 1521 883 1586 τὸ
908 1521 1166 1604 σοφιστεύειν

566 1623 811 1713 ἐρχομένους.
1212 1653 1240 1692 ιο

148 1784 162 1832 1
251 1769 296 1834 Οί
320 1771 360 1835 τά
387 1770 586 1854 θεωρήματα
619 1767 841 1850 ἀναλαβόντες
871 1766 953 1845 ψιλὰ
980 1767 1084 1844 εὐθὺς
1111 1768 1199 1834 αὐτὰ

146 1891 163 1939 ε
182 1874 331 1960 ἐξεμέσαι
349 1875 511 1941 θέλουσιν
530 1875 575 1950 ὡς
594 1874 629 1939 οί
646 1869 838 1958 στομαχικολ
855 1873 916 1956 τὴν
933 1874 1070 1958 τροφήν.
1106 1885 1198 1960 τρῶ-

182 2005 242 2047 τον
269 1980 349 2045 αὐτὸ
381 1979 506 2063 στέψον,
538 1974 601 2043 εἷθ’
631 1978 717 2043 οὕτω
748 1979 792 2062 μὴ
821 1976 985 2064 ἐξεμέσχς·
1017 1980 1049 2043 εί
1074 1975 1112 2044 δέ
1139 1984 1197 2065 μή,

183 2089 296 2170 ἔμετος
317 2093 362 2172 τῷ
387 2085 459 2149 όντι
481 2087 620 2167 γίνεται,
642 2092 776 2169 πρᾶγμα
800 2081 990 2165 ἀκάθαρτον
1008 2082 1063 2149 καὶ
1086 2086 1197 2172 άβρω-

147 2208 251 2257 3τον.
296 2187 368 2255 ἀλλ’
396 2186 449 2253 ἀπ’
478 2189 588 2254 αὐτῶν
615 2187 852 2254 ἀναδοθέντων
875 2188 986 2268 δεῖξόν
1012 2213 1088 2256 τινα
1114 2190 1197 2276 ἡμῖν
1212 2216 1238 2257 ιε

183 2298 369 2382 μεταβολὴν
391 2305 452 2361 τοῦ
474 2295 674 2381 ἡγεμονικοῦ
697 2303 757 2360 τοῦ
781 2305 937 2379 σεαυτοῦ,
968 2296 1012 2373 ὡς
1034 2297 1070 2362 οί
1090 2295 1196 2380 ἀθλη-

182 2401 235 2470 ταλ
262 2405 340 2480 τοὺς
367 2404 493 2487 ὤμους,
523 2399 580 2486 ἀφ’
612 2395 660 2466 ὧν
689 2400 947 2486 ἐγυμνάσθησαν
974 2399 1030 2468 καὶ
1057 2403 1196 2488 ἔφαγον,

147 2526 164 2574 4
183 2512 228 2588 ὡς
251 2510 286 2577 οί
305 2510 363 2586 τάς
383 2507 499 2594 τέχνας
527 2507 765 2591 ἀναλαβόντες,
793 2505 849 2592 ἀφ’
877 2501 926 2572 ὧν
949 2509 1087 2592 ἔμαθον.
1134 2509 1196 2574 οὐκ

182 2619 309 2701 ἔρχεται
328 2615 346 2682 ὁ
364 2614 487 2680 τέκτων
505 2611 561 2678 καὶ
578 2611 666 2696 λέγει
685 2611 860 2678 (ἀκούσατέ
874 2637 939 2698 μου
954 2612 1194 2699 διαλεγομένου

181 2717 257 2805 περὶ
271 2731 338 2784 τῶν
351 2718 572 2802 τεκτονικῶν’,
590 2717 662 2784 ἀλλ’
681 2717 971 2804 έκμισθωσάμευος
989 2722 1098 2786 οίκίαν
1117 2723 1194 2786 ταό-
1209 2744 1234 2783 ω
1302 2759 1303 2816 χ

147 2841 163 2888 5
183 2849 244 2908 την
266 2825 510 2902 κατασκευάσας
528 2825 709 2907 δείκνυσιν,
733 2824 784 2890 ὅτι
802 2827 868 2910 ἔχει
886 2827 947 2910 τὴν
966 2824 1094 2910 τέχνην.
1126 2850 1194 2893 τοι·

272 3020 358 3083 9sqq.
379 3013 414 3069 cf.
435 3013 549 3070 omnino
568 3015 714 3072 1311111146.

256 3092 287 3140 11
299 3102 339 3153 sq.
360 3084 395 3140 cf.
414 3084 501 3139 Ench.
516 3091 559 3154 46,
574 3091 603 3139 2:
629 3083 715 3156 μέγας
732 3118 746 3126 -
765 3085 779 3140 δ
803 3087 936 3148 κίνδυνος
960 3087 1048 3149 εὐθὺς
1066 3082 1194 3157 ἐξεμέσαι
1302 3081 1303 3088 ’

185 3155 270 3211 δοόκ
290 3153 406 3225 ἔκεψας.

255 3233 288 3282 18
299 3243 358 3295 sqq.
374 3225 410 3282 cf.
424 3225 509 3281 Enoh.
526 3232 569 3293 46,
585 3231 613 3281 1:
633 3227 710 3280 ποίει
724 3225 759 3280 τά
772 3226 829 3281 ἀπὸ
843 3235 898 3281 τῶν
912 3225 1117 3297 θεωρημάτων·
1133 3225 1193 3282 οἷον

184 3291 215 3352 ἐν
234 3298 376 3368 συμποσίῳ
395 3295 432 3366 μὴ
451 3294 512 3366 λέγε
531 3304 589 3359 πῶς
607 3297 655 3351 δεῖ
671 3291 788 3364 ἐσθίειν,
807 3295 870 3350 ἀλλ’
892 3295 972 3352 ἔσθιε
991 3297 1028 3360 ὡς
1046 3298 1099 3353 δεῖ.

255 3467 452 3540 λόιτγέλημαε
491 3474 501 3540 ΙΙ
542 3469 635 3524 11οί
661 3471 749 3537 Wolf:
770 3466 877 3527 ‘'OnaS'
914 3475 924 3541 ΙΙ
966 3478 999 3528 14
1026 3472 1193 3543 ἀκάθαρτον

188 3539 278 3607 Wolf:
296 3541 481 3610 καθαρδνηδς
500 3541 641 3612 βλαδαρὸν
661 3539 746 3595 Schw.
