2650 3930
183 188 247 253 154
328 190 511 243 APPIANO‘I'
529 191 604 243 ΤΩΝ
621 191 839 243 ΕΠΙΚΤΗΤΟΤ
856 189 1052 244 ΔΙΑΤΡΙΒΩΝ

129 367 162 416 12
181 345 239 415 εἶτ’
262 348 464 435 ἀποροῦμεν,
487 362 556 428 πῶς
573 351 811 435 φοβούμεθαή
834 361 905 429 πῶς
927 350 1139 436 ἀγωνιῶμενς
1165 355 1207 419 τί

181 449 245 520 οὖν
271 453 452 541 ἐνδέχεται,
485 456 566 523 ὅταν
592 458 632 524 τά
659 457 881 543 ἐπιφερόμενα
907 458 991 523 κατὰ
1018 458 1199 544 ήγώμεθας

180 559 221 626 οὐ
249 561 423 647 δυνάμεθα
451 564 496 648 μή
523 567 720 649 φοβεῖσθαι,
755 564 797 630 οὐ
825 564 1000 650 δυνάμεθα
1031 567 1075 649 μή
1108 564 1199 648 ἀγω-
1319 639 1320 644 1

127 686 160 734 13
178 677 264 734 νιᾶν.
310 665 380 735 εἶτα
409 668 550 755 λέγομεν
580 670 684 757 ’κύριε
708 670 726 737 ὁ
749 673 845 755 θεός,
874 681 944 748 πῶς
965 672 1009 756 μή
1033 669 1197 754 ἀγωνιῶ;’

179 773 279 860 μωρέ,
297 786 408 862 χεῖρας
421 776 483 842 οὐκ
496 780 593 863 ἔχειςς
614 777 676 844 οὐκ
695 776 850 863 ἐποίῃσέν
869 795 922 844 σοι
940 777 1043 856 αὐτὰς
1060 777 1078 844 ὁ
1096 780 1196 858 θεόςς
1230 797 1245 838 ε
1318 759 1320 814 ⁴

179 881 280 967 εὔχου
303 892 368 948 νῦν
390 886 591 969 καθήμενος,
616 883 705 960 ὅπως
727 883 766 948 αί
785 882 884 968 μύξαι
908 900 969 950 σου
992 885 1037 969 μή
1062 881 1196 970 ῥέωσιν.

128 1007 160 1055 14
179 986 345 1073 ἀπόμυξιν
370 995 497 1074 μᾶλλον
525 988 581 1055 καὶ
608 992 653 1075 μή
686 988 824 1074 ἐγκάλει.
874 993 910 1055 τί
933 984 1011 1068 ὀὗνς
1044 990 1197 1056 ἐνταῦθα

179 1109 233 1159 σοι
256 1091 356 1160 οὐδὲν
380 1095 541 1176 δέδωκενς
569 1095 611 1162 οὐ
635 1095 762 1162 δέδωκέ
782 1113 836 1162 σοι
858 1100 1051 1182 καρτερίαν,
1074 1096 1116 1162 οὐ
1139 1096 1197 1162 δέ-

180 1199 268 1265 δωκέ
288 1217 342 1266 σοι
365 1205 630 1288 μεγαλοψυχίαν,
659 1201 699 1268 οὐ
723 1200 868 1268 δέδωιιεν
897 1200 1070 1288 ἀνδρείανς
1099 1207 1195 1287 τήλι-

127 1327 159 1375 15
178 1307 300 1384 καύτας
327 1309 413 1393 ἔχων
439 1320 551 1395 χεῖρας
578 1311 626 1374 ἔτι
650 1312 754 1394 ζητεῖς
777 1310 836 1375 τὸν
859 1307 1086 1394 ἀπομύξοντας
1114 1306 1192 1374 ἀλλ’
1210 1329 1243 1370 ιο

178 1409 259 1478 οὐδὲ
280 1418 466 1498 μελετῶμεν
488 1423 591 1480 ταῦτα
614 1412 686 1480 οὐδ’
710 1413 986 1502 ἐπιστρεφόμεδα.
1023 1413 1093 1480 ἐπεὶ
1116 1414 1196 1480 δότε

178 1541 234 1602 μοι
258 1517 328 1602 ἕνα,
350 1512 377 1606 ᾧ
401 1519 494 1603 με’λει
519 1531 589 1597 πῶς
616 1543 649 1586 τι
674 1523 810 1607 ποιήσῃς
840 1519 877 1598 ὃς
899 1519 1129 1606 ἐπιστρέφεται
1150 1521 1195 1587 οὐ
1320 1535 1321 1560 ¹

177 1633 238 1690 τοῦ
260 1636 373 1709 τυχεῖν
394 1647 500 1710 τινος,
528 1624 613 1692 ἀλλὰ
640 1637 698 1711 τῆς
725 1625 892 1713 ἐνεργείας
914 1636 972 1711 τής
994 1626 1112 1707 αὐτοῦς
1142 1632 1196 1705 τίς

177 1741 366 1816 περιπατῶν
389 1741 447 1816 τής
469 1731 636 1816 ἐνεργείας
657 1742 715 1818 τής
741 1732 846 1799 αὑτοῦ
873 1732 1115 1819 ἐπιστρέφεταις
1143 1737 1196 1812 τίς

126 1857 158 1905 16
178 1839 422 1921 βουλευόμενος
449 1838 551 1923 αὐτῆς
576 1846 634 1923 τής
660 1843 800 1924 βουλής,
828 1837 905 1925 οὐχὶ
932 1836 970 1905 δέ
997 1848 1057 1906 τοῦ
1079 1851 1195 1927 τυχεῖν
1209 1859 1239 1902 1⁶

178 1941 308 2008 ἐκείνου
334 1941 410 2027 περὶ
438 1938 479 2009 οὗ
507 1946 718 2028 βουλεύεταις
749 1945 813 2011 κάν
840 1942 902 2031 μὲν
929 1946 1028 2033 τύχῃ,
1054 1945 1195 2031 ἐπῆρται
1321 1973 1322 1976 ’

177 2045 232 2112 καί
255 2046 343 2129 λέγει
371 2047 451 2125 επῶς
479 2049 542 2133 γὰρ
570 2050 664 2136 ήμείς
685 2057 794 2129 καλῶς
817 2051 1100 2137 ἐβουλευσάμεδας
1131 2052 1195 2119 οὐκ

177 2155 293 2235 ἔλεγόν
316 2169 381 2237 σοι,
404 2152 537 2239 ἀδελφέ,
566 2156 618 2222 ὅτι
641 2156 810 2224 ἀδύνατόν
834 2157 924 2224 ἐστιν
947 2157 1042 2243 ήμῶν
1063 2182 1095 2224 τι
1119 2174 1195 2224 σκε-

176 2257 336 2344 ήαμένων
364 2261 409 2345 μή
437 2261 542 2340 οὕτως
573 2261 736 2348 ἐκβήναι;’
769 2262 811 2330 ἀν
834 2262 865 2329 δ’
898 2262 1017 2349 ἑτέρως
1047 2266 1195 2351 χωρήσῃ,

177 2369 409 2433 τεταπείνωται
437 2367 552 2454 τάλας,
582 2369 644 2455 οὐχ
671 2369 817 2456 εὑρίσκει
847 2366 927 2436 οὐδὲ
955 2374 990 2436 τί
1012 2377 1089 2457 είπῃ
1115 2369 1193 2455 περὶ
1208 2390 1236 2430 ω

124 2494 157 2544 17
175 2484 244 2540 τῶν
271 2478 467 2558 γεγονότων.
512 2479 562 2554 τίς
582 2475 677 2561 ήμῶν
700 2477 822 2542 τούτου
845 2476 942 2543 ἕνεκα
964 2477 1084 2561 μάντιν
1108 2498 1192 2562 παρ-

178 2578 310 2666 ίλαβενς
342 2585 392 2659 τίς
418 2581 514 2666 ήμῶν
543 2581 632 2664 [οὐκ]
661 2581 862 2668 ἐνεκοιμήθῃ
894 2579 978 2669 ὑπὲρ
1010 2582 1191 2669 ἐνεργείαςς

175 2690 239 2765 τίςς
263 2686 321 2751 ἕνα
344 2709 400 2771 μοι
424 2689 510 2772 δότε,
533 2688 589 2753 ἵνα
614 2689 675 2752 ι’δω
698 2697 830 2773 τοῦτον,
853 2687 894 2754 δν
915 2687 951 2754 ἐκ
969 2693 1096 2756 πολλοῦ
1114 2693 1192 2776 χρό-

175 2815 239 2857 νου
264 2795 357 2875 ζῃτῶ,
379 2793 438 2857 τὸν
459 2803 531 2870 ταῖς
553 2792 727 2876 ἀληθείαις
749 2793 867 2878 εὐγενῆ
890 2792 946 2860 καὶ
976 2795 1098 2881 εὐφυᾶ·
1126 2801 1191 2862 είτε

175 2896 255 2962 νεόν
277 2902 342 2961 είτε
365 2898 603 2985 πρεσβύτερον,
627 2901 713 2966 δότε.
1205 2917 1232 2960 2⁶

4 3021 5 3076 ι
124 3023 157 3072 18
248 3005 290 3067 Τί
315 2995 377 3066 οὖν
405 3004 452 3067 ἔτι
482 3005 697 3090 θαυμάζομεν
720 3007 752 3070 εί
772 3003 848 3091 περὶ
872 3002 933 3091 μὲν
955 3007 1014 3084 τὰς
1035 3006 1119 3084 ὕλας
1140 3029 1191 3072 τε·
1308 3065 1322 3091 Ι.

175 3110 357 3193 τρίμμεδα,
384 3105 422 3173 ἐν
450 3104 488 3173 δέ
510 3122 581 3187 ταῖς
603 3109 785 3196 ἐνεργείαις
811 3115 974 3196 ταπεινοί,
997 3111 1191 3198 ἀσχήμονες,

5 3259 7 3320 l
177 3215 315 3290 οὐδενὸς
328 3211 426 3296 ἄξιοι,
446 3215 562 3300 δειλοί,
581 3215 816 3303 ἀταλαίπωροι,
835 3218 908 3284 όλοι
924 3218 1130 3304 ἀτυχήματας
1149 3218 1190 3286 οὐ

5 3325 7 3404 ᾗ
125 3340 157 3387 19
177 3322 240 3404 γὰρ
268 3318 450 3404 μεμέληκεν
477 3320 557 3404 ήμῑν
585 3318 665 3386 οὐδὲ
694 3326 890 3408 μελετῶμεν.
935 3325 968 3388 εί
994 3319 1032 3388 δέ
1059 3324 1103 3409 μή
1131 3327 1192 3390 τὸν

178 3542 203 3597 G
225 3476 339 3599 &lym
353 3477 397 3538 14)
415 3473 502 3528 αὑτοῦ
522 3474 555 3529 S:
573 3492 641 3530 corr.
663 3477 760 3532 Οοναεε
781 3481 791 3546 Ι
813 3484 848 3532 22
868 3479 944 3550 [οόι]
959 3479 1011 3535 ἀτί.
1030 3480 1120 3547 Wols3
1139 3476 1192 3534 οὖν
