2636 3930
120 223 348 284 (111‚15,8-16‚³>
401 216 554 269 ΒΙΒΔΙΟΝ
573 215 714 270 ΤΡΙΤΟΝ.
739 214 785 270 ιε’.
806 214 856 290 ις’ὀ
1068 215 1131 280 251

118 386 243 459 φωνεῖ·
266 373 326 439 ἕνα
349 392 385 441 σε
409 378 462 441 δεῖ
483 377 666 462 άνθροιττον
684 371 771 441 εἶναι
789 375 810 459 6
830 375 960 460 ἀγαθὸν
978 377 999 461 ἢ
1018 379 1134 442 κακόν·

118 482 140 567 ἢ
163 483 201 547 τὸ
225 482 424 566 ἡγεμονικόν
447 499 484 546 σε
508 482 562 546 δεῖ
589 479 821 568 ἐξεργάζεσθαι
843 484 880 548 τὸ
904 492 1028 548 σαυτοῦ
1051 482 1071 566 ἢ
1094 472 1156 548 τά

120 587 226 664 ἐκτός·
250 586 270 671 ἣ
293 585 369 674 περὶ
388 589 428 653 τδ
446 590 510 653 ἔσω
529 594 726 673 φιλοπονεῖν
749 586 770 672 ἢ
793 586 927 675 περὶτὰ
946 588 1020 667 ἔξω·
1039 585 1129 655 τοῦτ’

120 696 190 758 ἔστι
213 697 402 779 φιλοσόφου
426 694 543 759 στάσιν
567 696 653 779 ἔχειν
678 694 697 778 ἣ
722 695 867 760 ἰδιώτου.

89 820 104 862 τ
182 797 311 889 Ῥούφῳ
333 823 384 877 τις
407 802 520 884 ἔλεγεν
542 801 657 885 Γάλβα
680 799 864 886 σφαγέντος
886 800 937 866 ὅτι
961 800 1037 867 ’νῦν
1054 823 1135 887 προ·
1155 818 1189 866 14

118 909 197 993 νοίᾳ
224 907 242 972 6
270 909 392 991 κόσμος
420 905 617 986 διοικεῖται;’
647 907 665 973 6
697 903 734 972 δὲ
758 907 813 992 εμὴ
836 904 1009 993 παρέργως
1031 903 1135 991 ποτ”,

120 1013 200 1096 ἔφη,
229 1011 305 1078 ‘626
329 1013 442 1098 Γάλβα
470 1002 690 1079 κατεσκεύασα
718 1014 769 1079 ὅτι
796 1017 939 1103 προνοίᾳ
966 1014 984 1080 6
1011 1015 1135 1097 κόσμος

121 1118 321 1199 διοικεῖται;’

212 1471 268 1542 ις’.
299 1471 381 1539 Ὅτι
409 1473 585 1558 εὐλαβῶς
613 1475 676 1539 δελ
701 1473 965 1556 συγκαθιέναι
990 1476 1046 1551 είς

78 1617 107 1656 10
474 1580 783 1665 συμπεριφοράν.

184 1719 325 1806 Ἀυάγκη
348 1724 408 1788 τὸν
432 1720 656 1805 συγκαθιέντα
678 1718 766 1786 τισὶν
789 1717 984 1803 ἐκικλίονῆ
1007 1722 1056 1798 είς
1078 1725 1134 1785 λα-
1155 1734 1168 1781 1

119 1830 197 1895 λιδιν
220 1828 241 1912 ἢ
264 1831 312 1905 είς
336 1827 546 1913 συμπόσιαῆ
569 1826 680 1905 ἁπλῶς
708 1827 756 1904 είς
779 1830 965 1911 συμβίωσιν
987 1824 1007 1908 6
1031 1825 1134 1891 αὐτὸν

17 1989 19 2012 ,
120 1934 261 2012 ἐκείνοις
293 1934 537 2020 ἐξομοιαθῆναι
564 1933 599 2017 δ’
614 1932 762 2010 ἐκείνους
793 1938 986 2017 μεταθεῖναι
1014 1930 1067 1999 ἐντὶ
1094 1933 1134 1997 τὰ

120 2042 233 2108 αὑτοῦ.
278 2038 334 2105 καὶ
361 2041 424 2127 γὰρ
453 2042 607 2127 άνθρακα
634 2037 926 2124 άκεσβεσμένον’“
908 2064 950 2105 αν
972 2045 1019 2125 θῇ
1045 2039 1170 2125 ταράλ

80 2180 106 2221 15
119 2150 183 2214 τὸν
201 2149 392 2231 καιόμενον,
414 2145 435 2230 ἢ
459 2146 557 2223 αὐτὸς
575 2145 704 2212 ἐκεινον
723 2144 984 2230 <άιτοσβέσει>ἦ
1010 2145 1135 2222 ἐκεῖνος

119 2263 239 2320 τοῦτον
263 2252 425 2319 ἐκκαύσει.
469 2253 668 2335 τηλικούτου
692 2247 833 2318 οὖντοῦ
856 2253 1018 2319 κινδύνου
1038 2251 1133 2329 ὄντος
1152 2267 1169 2314 3

119 2361 267 2444 εὐλαβῶς
295 2361 349 2424 δεί
373 2369 443 2434 τοῖς
471 2359 619 2434 ίδιώταις
648 2361 894 2440 συγκαθίεσθαι
918 2359 1045 2434 εἰςτὰς
1068 2381 1134 2424 τοι·

120 2467 221 2542 αύτας
248 2463 497 2551 συμπεριφορὰς
524 2461 783 2549 μεμνημένους,’
800 2464 850 2528 ὅτι
878 2462 1048 2548 ἀμήχανον
1075 2466 1134 2528 τὸν

120 2575 501 2660 συνανατριβόμινον
470 2579 516 2635 τῶ
523 2567 762 2669 ἠσβολωμίνφ
785 2571 829 2655 μὴ
850 2565 905 2634 καὶ
928 2567 1031 2634 αὐτὸν
1054 2567 1134 2634 ἀκο-

194 2771 208 2817 1
228 2760 417 2852 ἄνθρωπον
401 2783 419 2830 η
438 2759 586 2832 ἀγαθὸν
571 2781 588 2830 η
613 2761 702 2816 κακὸν
722 2758 859 2816 εἷναι-
888 2767 904 2816 3
923 2781 958 2815 τα
982 2758 1034 2816 ἔσω
1054 2765 1134 2830 φιλο-

120 2841 230 2906 τεχνεῖν
248 2865 283 2876 -
301 2832 353 2889 4
326 2853 354 2904 η
375 2833 531 2903 φιλοσόφου
550 2832 630 2899 τάξιν
649 2828 760 2902 ἐπέχειν

193 2911 298 2973 llsqq.
313 2893 348 2959 οδ.
362 2904 449 2960 Ench
465 2910 508 2973 33,
523 2911 552 2960 6:
573 2905 635 2958 ίσθι
648 2924 710 2974 γαρ
730 2902 773 2958 ὅτι
788 2898 839 2958 ἐὰν
853 2896 949 2958 δεταί
963 2923 994 2966 ος
1012 2923 1029 2974 γ
1050 2923 1135 2974 μεμο-

120 2975 268 3067 λυσμίνος,
291 2977 341 3031 καὶ
361 2976 412 3032 τὸν
436 2975 710 3066 ουνανατριβύμενον
733 2975 808 3048 αύτῷ
832 2895 1061 3046 συμμολίνεσδαι
1083 2976 1135 3028 άν-

121 3048 204 3118 άγκη,
222 3046 277 3102 κδιν
296 3045 415 3110 αύτδς
398 3067 437 3101 ων
455 3047 524 3119 τύχῃ
542 3045 679 3117 καθαρός.

107 3235 113 3275 ’.
193 3223 430 3293 mammas.-
448 3241 517 3280 οονν.
537 3223 691 3279 Salmasius
722 3224 732 3294 ΙΙ
764 3222 836 3292 θμὴ
855 3222 908 3292 γὰρ
932 3216 985 3292 ἐγώ
1005 3225 1053 3277 σοί
1067 3221 1131 3276 τοτ’

122 3297 263 3365 Comes!
253 3299 263 3365 ΙΙ
294 3313 315 3350 ο
340 3301 375 3349 14
403 3300 619 3434 αρρκαακτκια
624 3296 693 3350 ab
681 3296 718 3350 ιλο
749 3311 817 3364 quae
836 3296 1006 3363 praecedwnt
1019 3310 1135 3363 prorsus

120 3369 242 3422 alienum
260 3383 313 3422 esse
335 3368 393 3421 iam
453 3368 504 3421 ολ
479 3368 538 3434 fmus
559 3365 646 3431 νίάίί,Ι
671 3383 693 3421 ο.
712 3371 748 3420 17
771 3382 830 3420 eam
853 3366 1058 3435 αάίναιςοκύανι
1080 3381 1134 3420 esse

120 3439 227 3494 monuit
244 3437 467 3508 Shaftesbwryll
457 3439 539 3506 {114
557 3406 695 3492 αύτούάι
713 3452 810 3491 οοκκε
846 3439 855 3505 6
889 3442 921 3490 16
940 3435 1034 3524 αύτδς]
1055 3431 1135 3498 οὗτος

122 3509 150 3564 G.
170 3509 284 3564 Schenkl
315 3509 324 3577 ΙΙ
354 3504 548 3596 <ἀτιοσβὲσει>
568 3508 632 3563 add.
657 3507 738 3574 Wolf
763 3510 773 3577 A}
806 3513 838 3561 17
858 3504 1045 3575 συγκαθιέναι
1070 3507 1134 3575 Upt

120 3581 206 3636 ecod
238 3581 247 3648 ΙΙ
281 3585 314 3632 18
333 3579 557 3649 μεμνημενοςδε
576 3594 645 3633 corr.
659 3596 694 3633 m.
709 3596 755 3648 pr.
773 3594 804 3634 ve
805 3577 859 3638 ίδι
