2650 3930
175 181 238 248 158
319 184 503 237 Αεειεαοω
521 184 596 238 Tau
613 182 831 234 Επαινετου
848 182 1043 235 mmm

118 361 153 411 42
173 347 231 410 τὸν
263 345 428 431 τράχηλον
460 345 505 422 ὡς
536 343 787 430 ἀπηλλαγμένος
819 343 987 427 δουλείας,
1019 345 1187 427 τόλμησον

172 449 361 536 ἀναβλέψας
383 453 466 538 πρὸς
488 454 548 519 τὸν
569 454 654 518 θεὸν
677 454 782 517 είπείν
805 451 856 516 ὅτι
879 450 958 537 (χρῶ
986 472 1042 535 μοι
1066 452 1186 516 λοιπὸν

171 559 218 634 είς
250 555 268 622 ὃ
296 556 338 622 ἀν
370 556 486 644 θέλης·
520 558 746 643 ὁμογνωμονῶ
779 573 850 641 σοι,
879 560 937 634 σός
968 557 1048 641 είμι·
1082 552 1185 621 οὐδὲν

170 673 393 748 παραιτοῦμαι
410 674 478 729 τῶν
496 681 549 730 σοι
572 665 777 730 δοκούντων·
802 664 886 728 ὅπου
904 661 1027 746 θέλεις,
1045 663 1117 745 ἀγε·
1141 662 1185 746 ἣν

169 769 281 848 θέλεις
304 769 430 854 ἐσθῆτα
451 775 595 856 περίθες.
641 772 756 857 ἀρχειν
778 793 818 855 με
840 767 963 854 θέλεις,
987 770 1183 853 ἰδιωτεύειν,
1213 793 1226 835 ε

170 873 294 962 μένειν,
305 879 454 962 φεύγειν,
467 875 640 960 πένεσθαι,
653 879 826 953 πλουτεϊν;
841 874 906 958 ἐγώ
917 892 971 941 σοι
981 872 1065 961 ὑπὲρ
1079 874 1183 941 ἀπάν-

169 1005 236 1048 των
249 983 377 1050 τούτων
390 985 474 1068 πρὸς
491 986 570 1061 τοὺς
587 982 789 1068 ἀνθρώπους
806 981 1068 1067 ἀπολογήσομαι·
1086 982 1184 1062 δείξω
1314 1007 1315 1024 ¹

116 1104 150 1154 43
169 1088 231 1171 την
253 1086 392 1154 ἕκάστου
415 1091 519 1173 φύσιν
542 1090 596 1154 οἵα
618 1087 730 1155 ἐστίν’
772 1089 826 1153 ού·
854 1083 926 1153 ἀλλ’
953 1087 990 1154 ἐν
1012 1089 1092 1173 βοὸς
1115 1113 1183 1154 κοι-

169 1197 225 1281 λία
251 1198 441 1279 καθήμενος
469 1193 605 1281 έκδέχου
635 1210 698 1261 σου
724 1195 787 1278 την
817 1195 974 1280 μάμμην,
1000 1192 1114 1281 μέχρις
1145 1213 1181 1260 σε

115 1315 150 1365 44
168 1301 322 1386 χορτάση.
358 1300 376 1367 ὁ
396 1298 560 1385 Ἡρακλῆς
577 1301 609 1365 εί
630 1310 700 1378 τοῖς
722 1299 759 1366 έν
782 1307 862 1390 οίκῳ
886 1301 1110 1386 παρεκάθητο,
1132 1304 1182 1379 τίς
1198 1325 1225 1364 ιο

169 1405 211 1470 ἀν
238 1401 295 1489 ἦνς
328 1406 528 1504 Εὐρυσθεὺς
553 1405 609 1472 καὶ
638 1405 712 1492 οὐχὶ
734 1404 909 1493 Ἡρακλῆς.
954 1409 1029 1491 ἀγε,
1057 1412 1182 1485 πύσους

169 1507 207 1576 δέ
224 1516 478 1598 περιερχόμενος
495 1515 557 1598 την
575 1512 776 1599 οἰκουμένην
793 1517 952 1598 συνήθεις
970 1517 1065 1600 ἔσχεν
1080 1512 1181 1600 (καὶ)
1315 1519 1316 1522 ’

168 1621 302 1703 φίλους;
326 1616 397 1684 ἀλλ’
421 1614 523 1686 οὐδέν
542 1622 700 1704 φίλτερον
718 1628 780 1685 τοῦ
797 1626 895 1685 θεοῦ·
920 1620 976 1684 διὰ
994 1629 1093 1685 τοῦτο
1113 1619 1182 1686 έπι-

168 1727 292 1810 στεύθη
310 1728 395 1803 Διὸς
411 1728 486 1803 υίὸς
505 1721 592 1791 εἶναι
614 1722 670 1791 καλ
692 1719 744 1809 ἦν.
791 1724 906 1814 ἐκείνῳ
928 1729 1045 1792 τοίνυν
1063 1730 1182 1793 πειθό-

113 1846 151 1906 46,
167 1855 266 1916 μενος
297 1828 424 1918 περιῄει
451 1835 624 1918 καθαίρων
655 1830 787 1896 ἀδικίαν
814 1829 870 1896 καί
903 1831 1053 1917 ἀνομίαν.
1104 1831 1178 1899 ἀλλ’
1195 1851 1223 1894 ιε

45 2015 47 2020 Ι
167 1937 228 2002 οὐκ
256 1931 288 2002 εί
306 1935 472 2020 Ἡρακλῆς
497 1936 553 2002 καὶ
582 1937 622 2003 ού
650 1937 792 2004 δύνασαι
820 1941 997 2024 καθαίρειν
1019 1940 1060 2004 τὰ
1082 1938 1182 2005 ἀλλό-

166 2065 241 2127 τρια
272 2043 371 2126 κακά,
403 2039 476 2107 ἀλλ’
508 2040 588 2109 οὐδὲ
616 2045 760 2129 Θησεύς,
792 2045 849 2110 ἵνα
877 2046 917 2109 τά
948 2054 1007 2128 τῆς
1035 2041 1182 2130 Ἀττικῆς

166 2147 330 2233 καθάρης·
357 2149 397 2212 τά
425 2157 549 2213 σαυτοῦ
575 2149 737 2236 κάθαρον.
783 2149 941 2216 ἐντεῦθεν
970 2149 1006 2216 ἐκ
1028 2160 1085 2236 τῆς
1107 2152 1180 2216 δια-

165 2255 261 2330 νοίας
284 2255 400 2338 ἔκβαλε
423 2251 499 2319 ἀντὶ
521 2257 763 2341 Προκρούστον
786 2254 841 2322 καὶ
864 2260 1037 2343 Σκίρωνος
1059 2259 1179 2342 λύπην,

166 2362 291 2445 φόβον,
314 2358 511 2446 ἐπιθυμίαν,
534 2364 685 2446 φθόνον,
712 2360 992 2449 ἐπιχαιρεκακίαν,
1015 2369 1179 2449 φιλαργυ-
1192 2385 1221 2424 εο

113 2483 147 2533 46
167 2470 254 2552 ρίαν,
278 2470 454 2553 μαλακίαν,
476 2468 647 2554 ἀκρασίαν.
692 2478 795 2535 ταῦτα
818 2466 849 2533 δ’
872 2469 934 2535 ούκ
956 2471 1048 2535 ἐστιν
1070 2470 1179 2546 ἀλλως

165 2572 335 2659 ἐκβαλεῖν,
365 2575 397 2639 εί
422 2574 467 2659 μη
498 2576 581 2661 πρὸς
607 2578 714 2659 μόνον
743 2577 802 2641 τὸν
829 2578 913 2642 θεὸν
936 2574 1178 2661 ἀποβλέποντα,

165 2676 282 2768 ἐκείνω
299 2683 391 2768 μόνω
409 2684 698 2765 προσπεπονθότα,
715 2691 786 2759 τοῖς
803 2681 931 2748 ἐκείνου
949 2683 1178 2768 προστάγμασι

112 2801 147 2849 47
165 2784 433 2870 καθωσιωμένον.
484 2786 526 2852 ἀν
558 2784 590 2852 δ’
622 2788 704 2854 ἀλλο
730 2810 763 2853 τι
791 2787 909 2876 θέλης,
941 2789 1091 2874 οίμύζων
1121 2786 1177 2854 καὶ

165 2889 291 2956 στένων
318 2889 558 2977 ἀκολουθήσεις
584 2901 630 2982 τῷ
657 2893 874 2984 ίσχυροτέρηο,
904 2894 965 2974 ἔξω
993 2899 1098 2981 ζητῶν
1124 2894 1176 2961 ἀεὶ
1190 2910 1219 2954 ιε

165 2996 227 3079 την
258 2997 395 3083 εὔροιαν
426 2995 481 3064 καὶ
513 2997 668 3084 μηδέποτ’
698 3000 830 3084 εύροεῖν
865 3003 1059 3087 δυνάμενος.
1109 3001 1179 3068 ἐκεί

165 3102 229 3187 γὰρ
261 3101 365 3187 αὐτην
398 3105 515 3189 ζητεῖς,
547 3099 588 3170 οὗ
618 3106 663 3189 μη
696 3105 801 3192 ἐστιν,
832 3106 928 3192 ἀφεὶς
959 3106 1029 3174 ἐκεῖ
1059 3112 1176 3194 ζητεῖν,

166 3205 251 3273 ὅπου
274 3206 373 3275 ἐστίν.

166 3398 288 3540 θέλῃθδ
343 3398 418 3470 νωμύ
420 3419 459 3455 νω
384 3398 675 3476 MScorrSofl
703 3405 927 3468 σύςδαλιααείαεε
946 3405 1078 3474 &vassu
1104 3403 1175 3471 λῆν

294 3473 462 3541 .·ο.ΙΙοντε
452 3473 528 3541 Ι10
547 3468 578 3527 έν
598 3408 675 3548 οίκηά
683 3493 711 3531 3:
730 3472 876 3532 ἐνοίκοιδ
903 3479 913 3544 Ι
945 3482 978 3530 12
998 3474 1090 3548 (καί)
1110 3476 1174 3532 add

165 3556 179 3594 ε
190 3465 237 3610 gun
252 3547 286 3596 24
304 3542 572 3612 κ.·αθοτιώμενονδ
589 3529 658 3602 νοντ’,
677 3564 692 3602 ε
722 3550 731 3618 ΙΙ
762 3553 796 3602 26
815 3547 907 3617 εὑρεῖν
926 3547 1007 3615 Wolf
