2626 3924
136 193 187 251 (w,
202 202 220 251 1,
236 193 351 245 ιτς-ιτα)
430 185 582 239 ΒΙΒΔΙΟΝ
600 185 797 242 TETAPTON.
816 187 857 240 α’.
1081 187 1146 252 337

133 347 315 432 ἄνθρωπος
336 340 392 423 εἷ;’
416 348 542 430 ἤθελον
561 345 736 430 έπιστῆναί
749 370 816 412 τινι
834 347 944 414 αὐτῶν
968 349 1200 414 συνουσιά-143

135 455 235 534 ζοντι,
258 453 315 517 ἵνα
333 452 406 535 ίδιο,
424 461 493 529 πῶς
512 456 653 518 τείνεται
669 449 725 517 καὶ
743 456 839 530 ποίας
860 454 975 538 φωνὰς
997 455 1147 541 ἀφίησιν,

135 559 167 622 εί
183 556 343 643 μέμνηται
361 566 422 623 τοῦ
441 557 601 642 ὀνόματος
618 557 733 642 αὐτοῦ,
751 569 818 623 τῶν
832 561 942 643 λόγον
960 559 1020 637 οὓς
1034 559 1163 628 ἀκούει.

134 661 155 746 ἢ
179 662 268 745 λέγει
290 663 311 746 ἣ
335 662 583 747 ἀναγιγνώσκει.

104 788 120 829 ε
201 765 269 832 Καὶ
291 770 327 831 τί
345 777 447 834 ταῦτα
469 770 552 855 πρὸς
580 767 791 851 ἐλευθερίους
817 805 858 819 —-
884 769 955 835 Οὐκ
977 772 1061 838 ἀλλα
1083 768 1201 857 μδνιει.

134 867 241 957 οὖνῆ
269 871 375 958 ταῦτ’,
402 875 445 938 ἀν
471 897 505 940 τε
533 871 653 958 θέλητε
680 875 774 958 ὑμεῖς
801 874 838 941 οί
860 877 1015 942 πλούσιοι
1042 879 1084 943 ἀν
1110 902 1146 943 τε

134 982 188 1063 μη.
215 1015 252 1026 -
278 976 346 1044 Καὶ
373 982 408 1043 τί
432 997 485 1045 σοι
512 991 673 1066 μαρτυρεῖ
697 989 812 1060 ταῦτα;
838 1017 876 1028 -
907 985 949 1046 Τί
975 983 1038 1069 γὰρ
1062 984 1197 1050 mom

135 1084 156 1168 ἢ
180 1081 275 1150 αὐτοὶ
296 1084 404 1168 ὑμείς;
436 1086 471 1150 οί
495 1087 554 1151 τὸν
580 1086 698 1172 κύριον
724 1088 784 1152 τὸν
811 1085 915 1170 μέγαν
939 1089 1069 1172 ἔχοντες
1091 1087 1147 1154 καὶ

133 1191 217 1276 πρὸς
243 1191 281 1255 τὸ
309 1187 437 1255 ἐκείνου
464 1199 570 1274 νεῦμα
596 1189 652 1256 καλ
678 1193 800 1275 κίνημα
829 1194 959 1276 ζῶντες,
985 1194 1048 1258 κάν
1071 1216 1147 1258 τινα

91 1315 120 1356 ιο
133 1296 229 1380 ὑμῶν
257 1296 313 1380 ίδη
340 1297 445 1379 μόνον
473 1295 750 1385 συνεστραμμένη)
778 1296 949 1382 βλέμματι,
978 1297 1147 1385 ἀποψυχό-

133 1425 240 1486 μενοι,
258 1401 335 1484 <οί>
352 1402 410 1480 τὰς
428 1405 544 1488 γραίας
560 1403 803 1487 θεραπεύοντες
820 1400 877 1469 καλ
894 1407 972 1481 τοὺς
990 1402 1148 1487 γέροντας

133 1505 189 1572 καὶ
216 1505 366 1590 λέγοντες
393 1507 443 1572 ὅτι
466 1506 520 1573 ὀὐ
543 1507 688 1592 δύναμαι
715 1516 812 1574 τοῦτο
835 1517 983 1593 ποιῆσαι·
1012 1509 1073 1575 οὐκ
1096 1509 1145 1588 ἒξ-

134 1614 210 1680 εστί
227 1610 305 1697 μοι’.
351 1613 406 1677 διδ
433 1614 469 1676 τί
493 1612 554 1678 οὐκ
581 1611 705 1690 ἔξεστίν
734 1630 802 1692 σοις
830 1614 892 1680 οὐκ
919 1615 993 1701 ἀρτι
1021 1614 1199 1698 έμάχου146

133 1742 192 1802 μοι
214 1717 321 1802 λέγων
343 1718 520 1805 ἐλεύθερος
541 1713 641 1797 εἷναις
675 1717 772 1784 (ἀλλὰ
787 1716 958 1805 ’Ἁπρυλλά
984 1743 1023 1802 με
1046 1719 1146 1784 κεκώ-

92 1842 121 1884 ιτ
135 1821 257 1888 λυκεν.’
302 1822 377 1908 λέγε
407 1819 548 1902 οὖντὰς
571 1822 743 1908 ἀληθείας,
774 1826 889 1906 δοῦλε,
916 1825 972 1890 καί
999 1825 1043 1908 μη
1067 1825 1147 1908 δρα-

134 1927 252 1994 πέτευέ
281 1945 343 1995 σου
370 1933 448 2008 τοὺς
474 1933 611 2015 κυρίους
642 1926 719 2016 μηδ’
750 1928 902 2016 ἀπαρνοῦ
932 1925 1015 2014 μηδὲ
1041 1933 1146 2013 τόλμα

133 2035 318 2122 καρπιστὴν
340 2036 472 2101 διδόναι
494 2037 673 2113 τοσούτους
694 2037 780 2120 ἔχων
802 2043 859 2118 τῆς
881 2036 1034 2112 δουλείας
1056 2033 1146 2118 έλέγ-

135 2163 223 2219 γους.
272 2143 380 2205 καίτοι
406 2142 465 2206 τὸν
496 2137 558 2223 μὲν
585 2137 640 2206 ὑπ’
672 2142 793 2224 ἔρωτος
820 2139 1087 2224 ἀναγκαζόμενόν
1113 2154 1199 2205 um

134 2257 244 2312 ποιεῖν
269 2247 359 2330 παρὰ
386 2247 423 2312 τὸ
449 2249 654 2330 φαινόμενον
680 2243 736 2310 καλ
765 2246 832 2329 ἅμα
862 2241 924 2330 μὲν
951 2246 1081 2331 δρῶντα
1107 2246 1145 2310 τὸ

92 2370 121 2410 το
136 2353 290 2436 ἄμεινον,
316 2352 383 2436 ἅμα
407 2349 437 2415 δ’
463 2351 525 2416 οὐκ
547 2350 784 2429 ἐξεντονοῦντα
806 2349 1034 2433 ἀκολουθῆσαι
1056 2350 1145 2436 αὐτῷ

107 2525 108 2528 ,
136 2460 183 2522 ἔτι
201 2461 329 2541 μᾶλλον
347 2457 390 2522 ἀν
407 2478 457 2534 τις
476 2457 672 2540 συγγνώμης
690 2454 783 2534 ἀξιον
801 2455 977 2539 ὑπολάβοι,
1000 2451 1056 2518 ἅθ’
1079 2455 1145 2518 ὑπό

135 2585 226 2639 τινος
243 2565 356 2646 βιαίου
375 2557 429 2625 καλ
447 2563 572 2648 τρόπον
589 2561 664 2626 τινὰ
680 2565 779 2634 θείου
796 2556 1048 2645 κατεσχημένον.
1082 2567 1199 2624 σοῦ148

136 2663 174 2733 δὲ
199 2671 250 2744 τίς
271 2665 447 2753 ἀνάσχοιτο
475 2676 542 2732 τῶν
564 2676 677 2750 γραῶν
700 2665 842 2752 ἐρῶντος
863 2662 918 2730 καὶ
940 2673 1007 2730 τῶν
1030 2666 1145 2749 γερόν-

135 2796 202 2838 των
224 2768 278 2837 καὶ
306 2770 433 2850 ἐκείνας
459 2771 710 2856 ἀπομύσσοντος
735 2769 791 2837 καὶ
817 2769 1068 2846 ἀποπλύνοντος
1089 2767 1145 2834 καὶ

94 2894 122 2938 τε
136 2878 406 2962 δωροδοκοῦντας
435 2873 491 2942 καὶ
521 2877 587 2961 ἅμα
616 2871 677 2960 μὲν
705 2875 871 2952 νοσούσας
898 2873 1146 2960 θεραπεύοντος

137 2981 181 3056 ὡς
212 2981 352 3065 δούλου,
385 2983 451 3066 ἅμα
484 2978 514 3046 δ’
550 2981 735 3048 ἀποθανεῖν
767 2977 949 3066 εὐχομένου
981 2975 1036 3044 καὶ
1067 2981 1146 3058 τοὺς

137 3087 269 3170 ίατροὺς
296 3088 539 3173 διακρίνοντος,
565 3088 598 3151 εί
622 3088 686 3171 ἤδη
717 3089 912 3171 θανασίμους
941 3087 1090 3170 έχουσινς
1122 3083 1144 3168 ἣ

136 3190 236 3256 πάλιν
259 3191 339 3257 ὅταν
357 3187 440 3276 ὑπὲρ
458 3202 526 3257 τῶν
545 3191 697 3276 μεγάλων
714 3192 843 3257 τούτων
861 3186 916 3256 καὶ
935 3199 1066 3274 σεμνῶν
1087 3188 1146 3275 ἀρ-

207 3382 272 3435 ’ίτί
287 3398 331 3436 σοι
348 3384 460 3472 scripsi:
477 3384 519 3445 τίς
537 3399 581 3436 σοι
599 3382 664 3450 811
699 3383 741 3444 τίς
758 3380 811 3451 γδιρ
830 3380 943 3443 ἄλλοτε
978 3383 987 3450 ΙΙ
1021 3384 1109 3433 llo

134 3451 292 3507 ἀνεδαίετο.
328 3454 339 3521 ΙΙ
374 3451 461 3506 21ἅτ
464 3448 526 3509 ἐδ
544 3470 612 3509 corr.
632 3385 706 3521 δάΙΙ
742 3457 776 3509 27
795 3454 1027 3524 διανακρίνοντος
1044 3376 1146 3516 βολιάἰ

135 3521 172 3575 ἀν
174 3523 306 3591 ακρίνοντ
291 3541 337 3585 τος
359 3523 439 3590 Wolf

188 3619 331 3663 Enomvs.
949 3615 983 3664 22
