2626 3924
184 194 250 260 312
327 195 510 247 ΔΡΡΙΑΝΟΤ
527 193 602 245 Μ
619 191 839 243 ΕΠῙΚΤΗΤΟΤ
856 191 1050 245 ΔΙΑΤΡΙΒΩΝ

129 357 226 422 31οά
257 354 391 442 παρέχει
418 379 475 439 μοι
502 354 624 436 πολλά,
655 349 717 418 οὐκ
745 353 898 438 ἄφθονα,
929 361 1061 438 τρυφᾶν
1092 375 1132 436 με
1157 349 1199 417 οὐ

182 460 289 527 θέλει·
321 458 400 528 οὐδὲ
430 462 493 547 γὰρ
522 471 567 548 τῷ
592 458 753 545 Ἡρακλεῖ
779 470 953 544 παρεῖχεν,
981 466 1027 546 τῷ
1058 458 1128 524 υίεί
1153 466 1198 544 τῷ

185 565 316 650 ἑαυτοῦ,
341 564 413 631 ἀλλ’
435 568 535 643 ἀλλος
553 565 766 650 ἐβασίλευσεν
778 562 922 652 ’Ἀργους
938 563 994 630 καὶ
1011 569 1200 649 Μυκηνῶν,

130 675 203 740 326
232 670 262 738 δ’
290 672 484 739 ἐπετάσσετο
511 669 567 736 καὶ
595 670 708 736 ἐπόνει
734 667 790 736 καὶ
821 668 1028 755 ἐγυμνάζετο.
1073 669 1130 736 καὶ
1158 666 1199 754 ἣν

184 778 384 866 Εὐρυσθεὺς
405 777 477 864 μέν,
505 778 542 855 ὃς
567 773 627 861 ἦν,
658 777 735 843 οὔτε
755 775 899 862 ”Αργους
922 777 997 842 οὔτε
1024 779 1199 861 Μυκηνῶν
1221 796 1233 837 ⁵
1291 849 1293 870 A

183 887 354 972 βασιλεύς,
387 885 423 963 ὅς
454 882 483 968 γ’
520 879 594 950 οὐδ’
625 879 725 960 αὐτὸς
755 879 893 968 ἑαυτοῦ,
924 883 943 949 ὁ
976 880 1007 947 δ’
1033 881 1200 970 Ἡρακλῆς
1292 933 1293 938 ,

184 991 312 1076 ἀπάσης
334 1001 394 1076 γῆς
415 989 471 1055 καὶ
492 989 659 1072 θαλάττης
688 990 800 1075 ἅρχων
823 987 878 1054 καὶ
900 989 1034 1074 ἡγεμὼν
1056 985 1116 1074 ἧν,
1142 1013 1199 1056 κα-

184 1099 312 1183 θαρτὴς
330 1096 459 1173 ἀδικίας
475 1095 531 1160 καὶ
550 1095 701 1179 ἀνομίας,
720 1098 919 1179 είσαγονγεὺς
933 1091 971 1160 δέ
985 1096 1200 1180 δικαιοσύνης

184 1201 239 1268 καὶ
263 1203 445 1285 ὁσιότητος·
468 1198 523 1265 καὶ
545 1210 648 1266 ταῦτα
670 1199 774 1266 ἐποίει
792 1200 847 1266 καί
866 1204 993 1286 γυμνὸς
1010 1199 1066 1267 καλ
1088 1205 1199 1286 μόνος.

132 1325 166 1374 33
186 1308 205 1374 ὁ
228 1305 258 1372 δ’
282 1305 461 1385 Ὀδυσσεὺς
483 1307 537 1372 ὅτε
559 1309 707 1389 ναυαγὸς
729 1306 923 1393 ἐξερρίφθη,
950 1311 995 1393 μή
1017 1332 1049 1373 τι
1074 1307 1200 1374 ἐταπεί-
1213 1329 1237 1368 1⁰

184 1431 293 1480 νωσεν
320 1410 422 1480 αὐτὸν
449 1413 469 1496 η
497 1412 633 1499 ἀπορία,
662 1416 707 1498 μή
734 1436 767 1478 τι
794 1412 987 1494 ἐπέκλασεν;
1020 1411 1105 1480 ’ἀλλά
1132 1426 1201 1492 πῶς

185 1517 284 1607 ἀπῄει
310 1523 392 1606 πρὸς
419 1521 478 1597 τάς
499 1518 690 1606 παρθένους
713 1521 858 1604 αἰτήσων
881 1522 921 1586 τδ
943 1520 1123 1605 ἀναγκαία,
1153 1517 1201 1587 ὧν

186 1633 357 1712 αἴσχιστον
379 1622 465 1693 εἶναι
489 1629 582 1693 δοκεῖ
603 1629 737 1692 δεῖσθαι
760 1623 837 1714 παρ’
865 1628 985 1706 ἀλλους

511 1747 580 1803 ὥστε
599 1744 670 1802 λεόιν
689 1747 878 1817 ὀρεσίτροφος.

132 1873 167 1922 34
186 1862 252 1924 τίνι
279 1860 462 1935 πεποιθώς;
493 1853 536 1923 οὐ
564 1855 644 1942 δόξῃ
672 1853 752 1922 οὐδὲ
779 1858 945 1943 χρήμασιν
972 1854 1046 1923 οὐδ’
1072 1855 1202 1943 ἀρχαῖς,
1215 1875 1238 1916 ιο
1292 1831 1293 1906 f

185 1959 256 2026 ἀλλ’
285 1961 367 2046 ἀλκῇ
390 1973 429 2048 τῇ
453 1961 584 2046 ἑαυτοῦ,
615 1961 703 2028 τοῦτ’
733 1966 802 2028 ἐστι
826 1964 968 2048 δόγμασι
991 1960 1111 2049 (περὶ)
1134 1975 1202 2029 τῶν

86 2129 88 2134 .
132 2083 166 2133 35
186 2064 237 2152 ἐφ’
265 2067 344 2152 ἡμῖν
367 2067 422 2133 καὶ
446 2068 507 2133 οὐκ
530 2066 581 2154 ἐφ’
608 2069 699 2154 ἡμίν.
744 2079 846 2134 ταῦτα
868 2070 933 2154 γάρ
956 2068 1026 2134 ἐστι
1049 2071 1138 2153 μόνα
1160 2070 1202 2134 τά

185 2175 264 2249 τοὺς
287 2170 485 2258 ἐλευθέρους
507 2185 680 2259 ποιοῦντα,
703 2176 742 2240 τά
761 2177 839 2251 τοὺς
857 2174 1059 2257 ἀκωλύτους,
1081 2176 1122 2240 τά
1141 2177 1201 2242 τὸν

185 2278 350 2364 τράχηλον
375 2279 553 2365 ἐπαίροντα
575 2291 643 2346 τῶν
666 2279 969 2366 τεταπεινωμένων,
991 2281 1031 2345 τά
1050 2274 1202 2366 ἀντιβλέ·

185 2405 261 2450 πειν
283 2395 444 2452 ποιοῦντα
468 2384 586 2471 ὀρθολς
607 2397 677 2463 τοῖς
695 2387 885 2472 ὀφθαλμοῖς
902 2389 984 2472 πρὸς
1001 2389 1080 2463 τοὺς
1097 2391 1201 2452 πλου-
1215 2405 1238 2446 ιο

132 2509 166 2558 36
186 2495 294 2576 σίους,
321 2494 404 2580 πρὸς
431 2495 509 2569 τοὺς
535 2493 728 2577 τυράννους.
780 2491 836 2559 καὶ
862 2495 900 2559 τὸ
927 2501 987 2558 τοῦ
1010 2495 1202 2578 φιλοσόφου

186 2599 296 2682 δῶρον
323 2609 422 2665 τοῦτο
445 2594 504 2682 ην,
534 2601 575 2664 σὺ
600 2596 631 2663 δ’
656 2598 719 2665 οὐκ
746 2598 900 2686 ἐξελεύση
930 2605 1085 2685 θαρρῶν,
1115 2597 1202 2666 ἀλλά

185 2701 390 2788 περιτρέμων
426 2715 496 2781 τοίς
531 2705 707 2789 ἱματιδίοις
738 2703 794 2771 καὶ
824 2717 894 2782 τοῖς
926 2700 1201 2792 ἀργυρωματίοις.

60 2832 63 2838 ’
187 2807 340 2892 δύστηνε,
363 2809 468 2887 οὕτως
490 2808 662 2888 ἀπώλεσας
684 2813 743 2877 τὸν
766 2809 860 2896 μέχρι
883 2821 948 2877 νῦν
970 2814 1108 2898 χρόνον;

132 2931 165 2980 37
257 2917 300 2978 Τί
327 2909 404 2997 οὖν,
432 2914 475 2981 ἀν
501 2919 650 3000 νοσησοι;
675 2954 716 2964 -
740 2919 907 3000 Νοσήσεις
933 2921 1047 2993 καλῶς.
1074 2954 1112 2964 -
1143 2919 1237 2994 Τίςν

185 3041 226 3102 με
257 3020 473 3103 θεραπεύσει;
509 3059 550 3070 -
577 3019 614 3085 Ὁ
644 3026 740 3107 θεός,
773 3025 809 3088 οί
833 3026 935 3108 φίλοι.
968 3059 1005 3069 -
1038 3027 1201 3110 Σκληρῶς

185 3127 427 3209 κατακείσομαι.
447 3164 489 3173 -
504 3123 593 3194 Ἀλλ’
615 3129 660 3206 ὡς
681 3125 775 3215 ἀνήρ.
795 3167 837 3176 -
859 3133 989 3214 Οίκημα
1012 3128 1200 3212 ἐπιτήδειον

259 3321 292 3368 14
310 3314 391 3370 Hom.
412 3315 463 3371 Od.
483 3319 498 3381 ζ
517 3325 575 3373 130.

259 3389 343 3453 16εο.
363 3385 398 3439 of.
418 3386 504 3441 Ench.
522 3394 545 3456 1,
563 3396 590 3442 1:
610 3390 662 3443 οόκ
682 3383 731 3458 ἐφ’
753 3389 819 3459 ἡμῖν
838 3421 852 3430 -
865 3423 879 3431 -
892 3422 905 3430 -
925 3390 1015 3459 δόξαι,
1034 3391 1126 3460 ἀρχαι.

185 3485 399 3494 ——-—-—

259 3546 292 3595 16
310 3540 416 3615 (περὶ)
436 3543 535 3598 addidi
