2636 3922
182 192 226 257 82
325 195 508 246 APPIANOT
525 193 600 250 ΤΩΝ
618 193 837 246 ΕΠΙΚΤΗΤΟΤ
855 193 1048 255 ΔΙΑΤΡΙΒΩΝ

145 371 161 420 8
253 357 361 420 Ταῦτα
381 353 496 442 ἐκείνῳ
515 356 607 442 μόνφ
633 351 741 436 λέγειν
767 353 871 431 ἔξεστι
890 363 935 442 τῷ
951 353 1109 436 τοιαύτην
1128 353 1201 418 ἐπι-

147 461 288 545 σβολῃν
312 460 493 545 ἐνῃνοχότι.
539 463 570 525 εί
596 459 637 524 δέ
657 484 705 537 τις
732 462 837 543 μόνον
866 459 1117 525 ἐπιδείκνυσθαι
1140 457 1202 524 θέ-

185 570 253 631 λων
267 565 304 631 ἐν
319 569 492 654 συμποσίῳ
511 565 562 631 ὅτι
582 561 674 632 οἶδεν
688 568 766 642 τοὺς
779 565 1001 642 ὑποθετικοὺς
1013 564 1202 648 ἀναγιγνώ-

185 687 255 736 σκει
287 682 389 738 ταῦτα
420 669 476 737 καὶ
506 672 723 757 προσέρχεται
754 683 824 748 τοῖς
855 673 1070 757 φιλοσόφοις,
1101 667 1203 748 οὗτος

184 779 265 844 ἄλλο
285 803 316 844 τι
339 779 478 864 πράσσει
496 777 560 862 (ἢ)
581 779 637 843 ἵνα
656 778 759 844 αὐτὸν
779 779 995 862 συγκλητικὸς
1012 791 1201 860 παρακατα-
1232 793 1248 832 ⁵

131 901 165 950 10
184 887 335 968 κείμενος
356 884 528 970 θανμάσῃ;
557 883 626 949 ἐκεῖ
651 885 714 970 γάρ
738 893 783 972 τῷ
807 885 878 949 ὄντι
901 884 939 947 αί
959 884 1098 969 μεγάλαι
1120 879 1204 950 ὗλαί

184 990 249 1053 είσι
271 988 382 1055 καλοί
402 989 524 1055 ἐνθάδε
543 996 682 1056 πλοῦτοι
706 990 774 1055 ἐκεῖ
794 993 931 1073 παίγνια
955 990 1102 1056 δοκοῦσι.
1142 991 1201 1055 διά

183 1104 282 1160 τοῦτο
306 1095 375 1162 ἐκεῖ
396 1096 562 1162 δύσκολον
585 1105 743 1181 κρατῆσαι
772 1107 840 1161 τῶν
863 1096 967 1161 αὑτοῦ
995 1107 1201 1180 φαντασιῶν,

132 1220 164 1267 11
185 1198 270 1265 ὅπου
297 1201 338 1265 τά
366 1199 534 1267 ἐκσείοντα
561 1203 696 1286 μεγάλα.
742 1201 806 1286 ἐγώ
836 1226 911 1267 τινα
940 1196 1015 1267 οίδα
1044 1206 1202 1268 κλαίοντα

182 1301 424 1390 Ἐπαφροδίτου
447 1318 513 1372 τῶν
536 1309 688 1390 γονάτων
707 1307 894 1393 ἁπτόμενον
911 1305 966 1373 καὶ
985 1306 1126 1392 λέγοντα
1144 1332 1201 1373 τα-
1219 1331 1248 1368 10

185 1415 377 1496 λαιπωρεῖν·
397 1410 638 1498 ἀπολελεῖφθαι
653 1416 716 1498 γὰρ
731 1415 820 1501 αὐτῷ
834 1413 951 1499 μηδέν,
970 1416 1001 1478 εί
1018 1415 1063 1498 μὴ
1083 1411 1203 1482 ἑκατὸν

134 1537 166 1585 12
184 1520 389 1601 πεντήκοντα
412 1519 584 1603 μυριάδας.
622 1524 656 1585 τί
678 1514 777 1586 οὖνὸ
797 1515 1049 1606 Ἐπαφρόδιτος;
1072 1519 1204 1604 κατεγέ-

188 1627 289 1688 λασεν
313 1623 357 1701 ὡς
378 1623 485 1708 ὑμεῖς;
514 1626 569 1690 ού·
600 1623 672 1691 ἀλλ’
705 1625 935 1710 ἐπιθαυμάσας
965 1624 1053 1707 λέγει
1080 1627 1205 1709 ςτάλας,

187 1739 256 1806 πῶς
279 1729 431 1815 ἐσιώπας,
455 1742 524 1809 πῶς
547 1730 756 1817 ἐκαρτέρεις;’

135 1852 167 1900 13
260 1835 409 1922 Ταράξας
433 1834 470 1903 δὲ
488 1841 548 1904 τὸν
566 1838 860 1922 ἀναγιγνώσκοντα
883 1842 961 1916 τοὺς
982 1840 1206 1914 ὑποθετικοὺς
1221 1859 1250 1901 ιε

184 1939 239 2007 καὶ
262 1943 463 2026 γελάσαντος
484 1953 544 2010 τοῦ
566 1943 781 2028 ὑποθεμένου
809 1945 899 2033 αὐτῷ
923 1948 985 2030 τὴν
1011 1945 1204 2028 ἀνάγνωσιν

186 2052 350 2130 Σεαυτοῦ,
369 2051 443 2134 ἔφη,
466 2056 661 2137 καταγελᾷς·
686 2051 727 2116 οὐ
745 2053 999 2137 προεγύμνασας
1015 2053 1075 2116 τὸν
1094 2055 1205 2116 νεανί-

185 2169 267 2219 σκον
294 2152 368 2219 οὐδ’
400 2156 504 2237 ἔγνως
532 2157 562 2220 εί
591 2157 730 2221 δύναται
762 2159 892 2234 τούτοις
923 2161 1205 2242 παρακολουθεῖν,

135 2276 167 2324 14
185 2256 258 2326 ἀλλ’
296 2261 340 2337 ὡς
376 2259 569 2347 ἀναγνώστῃ
608 2262 696 2351 αὐτῷ
741 2272 811 2349 χρῇ.
862 2266 898 2328 τί
928 2257 1005 2345 οὖν,
1043 2265 1122 2347 ἔφη,
1158 2265 1204 2347 μὴ

186 2363 355 2451 δυναμένῃ
393 2367 527 2453 διανοίᾳ
565 2365 860 2451 συμπεπλεγμένου
898 2367 1058 2456 ἐπικρίσει
1099 2391 1204 2453 παρα·
1220 2394 1247 2432 εο
1306 2435 1307 2442 ῃ

185 2477 365 2539 κολουθεῖν
385 2475 521 2538 ἔπαινον
539 2473 749 2557 πιστεύομεν,
775 2476 885 2556 ψόγον
904 2475 1114 2558 πιστεύομεν,
1135 2474 1205 2541 ἐπί-
1306 2481 1307 2558 λ

185 2597 296 2664 κρισιν
319 2576 395 2662 περὶ
425 2589 492 2644 τῶν
515 2584 623 2656 καλῶς
645 2579 666 2662 ἦ
689 2590 797 2655 κακῶς
819 2579 1019 2664 γινομένων;
1044 2581 1106 2646 κάν
1129 2604 1206 2646 τινα
1306 2565 1307 2580 ’

187 2695 295 2760 κακῶς
317 2682 408 2769 λέγῃ,
430 2679 528 2762 οὗτος
550 2683 795 2771 ἐπιστρέφεται;
818 2685 882 2751 κάν
901 2685 1017 2772 ἐπαινῃ
1041 2710 1126 2772 τινα,
1150 2687 1206 2753 ἐπ-

71 2829 74 2834 ·
188 2794 330 2875 αίρεται,
358 2788 486 2866 ἐντοῖς
512 2791 599 2856 οὕτω
628 2801 758 2876 μικροῖς
787 2794 832 2876 μὴ
862 2793 1026 2878 εὑρίσκων
1048 2794 1086 2858 τὸ
1117 2791 1204 2878 ἑξῆς;

137 2912 169 2959 ιο
189 2895 271 2980 αύτῃ
304 2889 365 2959 οὖν
395 2893 478 2981 άρχῃ
508 2906 569 2963 τοῦ
600 2903 816 2981 φιλοσοφεῖν,
846 2905 1002 2983 αἴσθησις
1031 2909 1091 2966 τοῦ
1114 2901 1206 2966 ίδίον
1220 2920 1246 2960 εε

188 3001 389 3086 ἡγεμονικοῦ
417 3013 486 3078 πῶς
516 3005 595 3088 ἔχει·
624 3005 704 3087 μετὰ
732 3005 796 3090 γὰρ
819 3007 857 3070 τὸ
880 3016 1007 3088 γνῶναι
1030 3006 1080 3072 ὅτι
1103 3005 1206 3072 ἀσθε-

188 3118 254 3184 νῶς
282 3106 343 3172 οὐκ
372 3109 419 3172 ἔτι
445 3112 583 3193 θελήσει
611 3115 757 3194 χρῆσθαι
780 3111 870 3199 αὐτῷ
893 3114 976 3198 πρὸς
1003 3112 1042 3178 τὰ
1069 3113 1205 3200 μεγάλα.

259 3329 357 3405 6<ἣ>
375 3334 460 3388 ι’κε.ε
490 3336 500 3402 ῃ
534 3334 714 3404 σθαομάσει
728 3335 760 3390 8:
779 3352 879 3392 νοντα
910 3340 920 3406 ΙΙ
951 3339 1069 3392 εαυτοῦ
1084 3339 1116 3394 S:
1135 3356 1203 3395 corr.

193 3402 255 3472 Upt.
293 3403 303 3470 ss
340 3396 445 3457 θ’ἐκεῖ
463 3403 532 3457 ὄντα
556 3404 589 3459 S:
612 3422 680 3460 σοιν.
704 3405 788 3462 Schw.
828 3409 838 3476 Ι
880 3412 913 3460 16
935 3407 1066 3477 Ταράξας
1091 3411 1205 3479 scripsi:

189 3470 314 3541 *κράξας
328 3472 356 3539 S,
374 3472 480 3542 κράξας
498 3474 527 3533 Β,
557 3477 567 3543 λ
600 3479 633 3528 19
652 3482 704 3545 χρῇ
723 3476 800 3545 θρῖα
819 3476 921 3546 γρᾶιδί
944 3479 954 3545 ΙΙ
981 3485 1016 3533 20
1034 3478 1072 3548 μὴ
1091 3484 1152 3547 (aut
1169 3489 1204 3551 τῇ

139 3551 146 3564 ·
191 3541 282 3614 (μθ)
302 3542 399 3598 δεῖνι·
418 3544 506 3612 τῖιθ
533 3547 543 3614 fl
574 3543 790 3616 24<ὁ>νὴθ
951 3553 968 3586 -'
