2650 3930
176 205 239 271 168
320 208 503 260 APPIANOT
520 207 595 260 ΤΩΝ
612 207 828 260 ΕΠΙΚΤΗΤΟΤ
846 207 1039 260 ΔΙΑΤΡΙΒΩΝ

172 391 231 434 τον
255 363 285 432 δ’
312 369 376 434 ὑπὸ
399 376 457 451 τῆς
479 366 635 451 ὀξύτητος
661 369 705 451 μὴ
733 373 981 452 συναρπασθῇς,
1009 364 1082 432 ἀλλ’
1113 363 1186 432 είπέ

174 472 318 551 ‘Metal
346 497 386 558 με
418 477 554 557 μικρόν,
585 476 765 557 φαντασία·
795 473 879 559 ἀφες
906 475 967 538 ἴδω
994 476 1044 549 τίς
1071 469 1104 538 εί
1128 471 1186 537 καὶ

120 597 153 644 25
174 577 249 660 περὶ
271 582 371 664 τίνος,
393 581 476 664 άφες
493 596 529 645 σε
548 579 738 664 δοκιμάσω.’
774 578 884 645 καὶτὸ
903 580 1020 645 λοιπὸν
1039 580 1084 662 μὴ
1105 578 1187 663 ἐφῇς

174 685 256 770 αὐτῇ
289 687 449 769 προάγειν
479 686 762 772 ἀναζωγραφούση
792 687 834 749 τά
865 683 948 768 ἑξῆς.
997 686 1028 749 εί
1058 680 1096 749 δὲ
1127 687 1186 768 μή,

174 795 301 876 οἴχεταί
320 789 351 856 σ’
373 794 495 877 ἔχουσα
514 792 599 858 ὅπου
618 791 661 856 ἀν
682 791 776 876 θέλη.
821 790 904 856 ἀλλὰ
927 795 1054 874 μᾶλλον
1078 792 1186 874 ἀλλην
1214 820 1228 860 ε

173 898 248 962 τινὰ
275 897 490 983 ἀντεισάγαγε
518 899 623 981 καλὴν
650 895 705 962 καί
734 899 893 980 γενναίαν
920 899 1108 980 φαντασίαν
1129 895 1186 961 καὶ

122 1005 297 1088 τοιαύτην
324 1006 386 1089 τὴν
408 1004 561 1090 ῥυπαράν
588 1005 715 1088 ἔκβαλε.
759 1002 822 1068 κάν
853 1001 995 1086 ἐθισθῇς
1016 1000 1103 1068 οὕτω
1127 1026 1187 1085 γυ-

175 1111 368 1194 μνάζεσθαι,
392 1111 467 1187 ὄψει
491 1101 557 1177 οἷοι
580 1105 665 1194 ὦμοι
688 1110 855 1193 γίνονται,
886 1099 940 1174 οἷα
968 1117 1087 1192 νεῦρα,
1119 1100 1187 1174 οἷοι

174 1219 281 1282 τόνοι·
303 1226 367 1282 νῦν
391 1212 429 1280 δὲ
451 1216 619 1300 μόνοντὰ
641 1214 782 1300 λογάρια
803 1211 859 1280 καὶ
881 1211 984 1280 πλέον
1007 1209 1087 1279 οὐδὲ
1110 1213 1155 1279 ἕν.

122 1338 155 1387 27
243 1317 350 1398 Οὗτός
372 1320 463 1386 ἐστιν
485 1321 504 1386 ὁ
526 1331 600 1398 ταῖς
621 1320 795 1406 ἀληθείαις
817 1319 958 1404 ἀσκητὴς
982 1319 1000 1386 ὁ
1023 1322 1107 1403 πρὸς
1127 1320 1186 1396 τὰς
1202 1349 1229 1388 ιο

123 1444 156 1491 τε
175 1429 327 1504 τοιαύτας
349 1430 531 1512 φαντασίας
553 1427 729 1510 γυμνάζων
750 1424 878 1493 ἑαυτόν.
924 1437 1052 1510 μεῖνον,
1073 1426 1187 1508 τάλας,

176 1534 220 1617 μὴ
241 1540 487 1620 συναρπασθῇς.
532 1533 633 1618 μέγας
651 1533 670 1600 ὁ
688 1532 780 1616 ἀγών
799 1531 879 1616 ἐστι,
901 1538 999 1598 θεῖον
1017 1534 1055 1598 τὸ
1074 1534 1187 1616 ἔργον,

175 1636 259 1724 ὑπὲρ
282 1643 465 1725 βασιλείας,
486 1636 570 1726 ὑπὲρ
593 1639 801 1721 ἐλευθερίας,
823 1634 906 1722 ὑπὲρ
930 1637 1077 1721 εὐροίας,
1101 1632 1186 1720 ὑπὲρ

82 1827 88 1834 ·
123 1761 156 1810 τυ
176 1742 360 1830 ἀταραξίας.
405 1755 466 1811 τοῦ
483 1751 568 1811 θεοῦ
590 1743 751 1829 μέμνησο,
773 1743 903 1809 ἐκεῖνον
926 1742 1084 1808 έπικαλοῦ
1107 1746 1186 1826 βοη-

175 1853 244 1916 θὸν
271 1848 326 1914 καὶ
352 1851 562 1934 παραστάτην
584 1851 629 1925 ὡς
651 1852 729 1926 τοὺς
754 1852 962 1934 Διοσκόρους
990 1847 1026 1914 ἐν
1049 1859 1185 1934 χειμῶνι
1202 1876 1228 1915 15
1316 1885 1317 1918 ο

177 1955 212 2018 οί
232 1953 395 2029 πλέοντες.
439 1964 534 2030 ποῖος
559 1955 623 2035 γάρ
651 1959 771 2038 μείζων
798 1956 921 2041 χειμὼν
949 1954 969 2040 ἣ
997 1953 1015 2020 ὁ
1043 1953 1080 2019 ἐκ
1102 1976 1186 2038 φαν-

176 2069 300 2124 τασιῶν
328 2060 474 2143 ἰσχυρῶν
500 2056 556 2123 καὶ
584 2058 827 2145 ε’κκρουστικῶν
853 2069 914 2126 τοῦ
940 2062 1057 2143 λόγου;
1088 2059 1187 2135 αὐτὸς

123 2182 158 2231 30
177 2165 240 2249 γάρ
261 2164 279 2230 ὁ
297 2163 421 2249 χειμὼν
437 2166 473 2228 τί
487 2164 568 2229 ἀλλο
592 2162 683 2230 ἐστὶν
702 2165 722 2249 ἣ
740 2169 922 2250 φαντασίας
945 2164 1019 2231 ἐπεί
1033 2189 1085 2231 τοι
1102 2160 1186 2250 ἀρον

177 2273 237 2336 τὸν
259 2273 367 2356 φόβον
389 2279 450 2336 τοῦ
472 2269 623 2336 θανάτου
644 2271 698 2337 καλ
722 2270 802 2358 φέρε
821 2271 900 2348 ὅσας
916 2267 1029 2347 θέλεις
1046 2271 1187 2356 βροντὰς

177 2373 232 2443 καὶ
264 2376 430 2462 ἀστραπάς
465 2373 521 2442 καὶ
552 2377 664 2461 γνώση
697 2376 757 2461 ὅση
791 2378 918 2461 γαλήνη
953 2373 1044 2442 ἐστὶν
1071 2375 1109 2442 ἐν
1139 2385 1185 2463 τῷ
1200 2405 1229 2443 εο

125 2502 158 2550 31
178 2485 363 2570 ἡγεμονικῷ
384 2482 441 2549 καί
463 2483 567 2550 εὐδία.
613 2482 655 2548 ἀν
679 2480 708 2548 δ’
737 2481 821 2560 ἅπαξ
844 2480 999 2567 ἡττηθεὶς
1020 2488 1114 2567 είπης
1136 2482 1186 2547 ὅτι

178 2677 340 2800 φφλητφσέαν
350 2674 455 2799 λέβης,
472 2675 595 2799 φιέλασσε
615 2657 784 2797 σαυτόῖ,ἀμῆ
799 2676 1003 2810 συληῖαρτιασθης
1020 2671 1071 2764 ηπ»
1092 2675 1186 2764 αὐτῆς,
1208 2723 1214 2732 .

178 2746 421 2888 ιιρεῖιῗξὲζεί
434 2763 464 2883 {f
476 2766 505 2870 ἔ,
524 2746 1187 2890 5⁰03&ssssae02⁰‘22v2'a3‘1222‘3534‘ffss'5222

180 2881 326 2954 ἐπιλέγειν,
345 2885 388 2940 ὅτι
406 2888 550 2954 φαντασία
569 2883 597 2940 εἷ
611 2917 625 2926 -
640 2917 650 2928 -
664 2917 678 2926 -
697 2884 794 2940 ἔπειτα
812 2880 929 2951 ἐξέταζε.
1172 2893 1176 2900 ’

252 2964 318 3023 τις.
347 2955 382 3009 cf.
410 2954 497 3010 Ench.
518 2962 563 3010 10:
586 2955 635 3010 καί
653 2954 740 3017 οὗτος
758 2951 923 3026 ἐθιζόμενόν
943 2973 972 3010 σε
991 2957 1024 3010 οὐ
1044 2955 1188 3026 συναρπά-

179 3044 275 3083 σουσιν
294 3025 327 3081 αί
343 3027 505 3096 φαντασίαι.

252 3105 285 3153 12
297 3115 337 3166 sq.
352 3097 386 3152 cf.
397 3097 485 3152 Eneh.
496 3101 538 3165 51,
548 3103 577 3150 2:
597 3095 720 3167 μέμνησο
740 3095 782 3151 ὅτι
800 3105 852 3150 νῦν
872 3096 886 3150 ὁ
906 3097 990 3165 άγάν.

250 3175 284 3224 21
297 3186 356 3237 sqq.
364 3167 399 3222 cf.
407 3166 542 3235 Ench.51‚
551 3175 581 3221 2:
596 3169 647 3222 οάκ
661 3167 736 3223 ἔστιν
750 3167 961 3239 ἀναβάλλεσθαι
976 3167 1069 3222 οάκέτι
1082 3168 1131 3222 καὶ
1145 3167 1188 3222 ὅτι

180 3240 258 3310 παρὰ
276 3242 344 3310 μίαν
362 3235 469 3307 ἡμέραν
493 3238 542 3292 καί
563 3235 597 3292 ἳν
620 3247 734 3309 πρᾶγμα
753 3238 802 3292 καὶ
820 3236 974 3292 ἀπόλλυται
991 3237 1120 3307 προκοπὴ
1139 3238 1188 3292 καὶ

181 3311 303 3380 σῴζεται.
341 3309 375 3362 cf.
395 3307 464 3361 ibid.
486 3315 514 3360 1:
541 3307 577 3362 ἂν
595 3317 648 3362 νῦν
667 3308 806 3380 ἀμελήσῃς
824 3308 873 3362 καλ
891 3307 1057 3382 ῥᾳθνμήσης
1075 3309 1124 3362 καλ
1142 3309 1188 3362 ἀεὶ

252 3478 585 3551 3ἐφης8ςεάσι9ιίοκ
607 3483 691 3553 liquet
725 3486 735 3553 fl
771 3482 833 3536 Μ’
855 3481 973 3538 ἕλκουσα
994 3483 1092 3539 Comes
1126 3485 1136 3552 Ι
1172 3489 1187 3538 θ

182 3552 247 3622 ὄψει
266 3554 312 3615 Sa:
331 3552 401 3622 ὄψηι
419 3552 441 3606 S
458 3555 502 3619 (ut
519 3555 586 3620 vid.)
