2636 3930
116 231 174 285 (111,
188 233 221 283 ει,
236 229 311 279 ο-ιτ)
430 220 583 274 BIBAION
602 222 741 275 TPITON.
770 221 828 278 κδ’.
1066 223 1132 288 289

114 380 245 467 μένους.
296 381 314 447 δ
344 378 374 446 δ’
406 383 586 468 άνθρωπος
608 385 690 466 πρὸς
716 392 762 473 τῷ
785 385 885 469 φύσει
912 388 1132 472 μεγαλόφρων
1153 401 1185 453 Ῑκ

112 483 276 555 εἶναικαὶ
295 489 430 555 πάντων
448 501 515 555 τῶν
536 487 764 575 άπροαιρέτων
782 495 1063 577 καταφρονητικὸς
1086 495 1133 558 ἔτι

113 593 249 660 κάκεῑνο
273 597 388 680 ἔσχηκε
411 598 449 661 τὸ
473 597 518 681 μη
542 595 741 682 ἐρριζῶσθαι
763 593 847 680 μηδὲ
864 597 1134 685 προσπεφυκέναι

113 711 154 787 τῇ
183 710 240 787 φη,
270 700 354 766 ἀλλά
381 699 491 767 άλλοτ’
524 699 572 767 ἐπ’
608 703 729 779 ἄλλους
756 704 869 768 ἵεσθαι
902 706 1024 782 τόπους
1054 704 1134 772 ποτὲ

86 803 179 892 εμλν
202 818 322 894 χρειῶν
346 830 448 873 τινων
472 806 687 892 ἐπειγοοσῶν,
711 805 790 874 ποτὲ
814 805 929 874 δὲκαὶ
953 811 1054 895 αὐτῆς
1076 821 1134 896 τῆς

114 912 199 991 θέας
222 913 325 980 ἕνεκα.
738 917 741 922 ’

185 1018 251 1085 Καὶ
274 1030 319 1108 τῷ
341 1019 494 1086 Ὀδυσσεῖ
514 1024 552 1088 τὸ
577 1023 708 1107 συμβάν
729 1025 883 1089 τοιοῦτόν
906 1047 938 1087 τι
961 1019 1017 1107 ην·
1153 1043 1185 1091 13

232 1145 342 1196 πολλῶν
361 1141 390 1196 δ’
412 1142 574 1212 ἀνθρώπων
594 1145 655 1197 ἴδεν
674 1143 760 1198 άστεα
777 1143 827 1197 καί
845 1143 913 1198 νόον
934 1141 1017 1213 ἔγνω·

114 1248 172 1318 καὶ
200 1253 247 1316 ἔτι
274 1253 426 1339 πρόσθεν
458 1261 503 1340 τῷ
526 1249 686 1336 Ἡρακλεῖ
712 1258 916 1342 περιελθεῖν
935 1254 996 1336 τὴν
1024 1252 1134 1318 οίκοο-

73 1379 100 1418 10
116 1357 222 1444 μένην
246 1358 328 1442 όλην

269 1479 431 1548 ἀνθρώπων
450 1477 532 1551 ὕβριν
551 1498 580 1532 τε
599 1478 649 1532 καὶ
667 1479 801 1550 εὐνομίην
821 1476 968 1551 ἐφορῶντα

115 1590 172 1654 καί
199 1589 260 1672 τὴν
282 1585 345 1672 μὲν
368 1587 571 1672 ἐκβάλλοντα
593 1585 648 1652 καλ
671 1594 892 1674 καθαίροντα,
915 1593 978 1675 τὴν
1001 1588 1031 1655 δ’
1058 1589 1134 1654 άντ-

115 1695 301 1778 εισάγοντα.
351 1698 458 1760 καίτοι
485 1695 611 1770 πόσους
638 1699 702 1760 οίει
729 1697 848 1780 φίλους
875 1697 971 1779 ἔσχεν
999 1693 1036 1760 ἐν
1066 1697 1132 1778 Θή·
1153 1710 1186 1758 14

116 1805 207 1886 βαις,
235 1802 361 1878 πόσους
388 1799 425 1865 ἐν
446 1798 574 1886 Ἄργει,
603 1801 728 1876 πόσους
752 1798 789 1865 ἐν
808 1797 981 1884 Ἀθήναις,
1010 1803 1134 1877 πόσους

77 1925 102 1967 ιε
118 1903 156 1972 δέ
184 1909 437 1992 περιερχόμενος
464 1906 637 1990 ἐκτήσατο,
670 1907 706 1983 ός
737 1929 773 1990 γε
802 1904 857 1971 καὶ
887 1905 1017 1991 ἐγάμει,
1050 1907 1134 1972 ὅπου
1207 1913 1209 1916 ’

117 2016 232 2099 καιρὸς
255 2011 360 2097 ἐφάνη
385 2013 485 2100 αὐτῶ,
508 2010 563 2078 καὶ
585 2012 827 2078 ἐπαιδοποιεϊτο
846 2011 900 2078 καὶ
919 2017 996 2090 τοὺς
1015 2015 1135 2090 παῖδας

117 2118 294 2185 ἀπέλειπεν
322 2119 362 2185 οὐ
385 2117 517 2198 νστένοιν
546 2115 626 2185 οὐδὲ
653 2126 773 2185 ποθῶν
795 2117 868 2186 οὐδ’
895 2121 940 2198 ὡς
964 2121 1135 2207 ὀρφανοὺς

118 2224 242 2312 άφιείς;
269 2222 341 2311 ᾔδει
364 2225 427 2309 γάρ
451 2224 502 2289 ότι
526 2220 638 2300 οὐδείς
662 2223 752 2291 ἐστιν
775 2227 954 2311 άνθρωπος
977 2226 1134 2312 ὀρφανός,
1155 2241 1187 2289 15

118 2331 203 2396 ἀλλά
226 2331 361 2397 πάντων
384 2328 436 2395 ἀεὶ
459 2328 513 2395 καὶ
538 2331 697 2413 διηνεκῶς
716 2331 733 2396 ὁ
752 2334 858 2416 πατήρ
880 2330 971 2396 ἐστιν
994 2332 1012 2398 ὁ
1035 2335 1134 2417 κηδό-

77 2460 104 2498 20
119 2460 227 2522 μενος.
273 2433 315 2502 οὐ
342 2437 405 2522 γάρ
433 2433 528 2521 μέχρι
558 2437 660 2518 λόγου
684 2437 817 2520 ἠκηκόει
841 2437 891 2502 ότι
914 2441 1020 2523 πατήρ
1045 2437 1135 2502 ἐστιν
1155 2453 1187 2500 16

119 2544 138 2610 ὁ
163 2545 249 2620 Ζεὺς
271 2553 338 2608 τῶν
361 2541 564 2626 ἀνθρώπων,
586 2541 622 2619 ὅς
644 2565 682 2625 με
705 2538 760 2606 καὶ
784 2543 887 2608 αὑτοῦ
907 2540 1032 2625 πατέρα
1051 2540 1133 2631 ᾤετο

120 2649 224 2715 αὐτὸν
246 2647 301 2714 καὶ
328 2647 437 2714 ἐκάλει
463 2646 519 2714 καὶ
545 2650 628 2730 πρὸς
655 2647 784 2715 ἐκεῖνον
812 2647 949 2734 άφορῶν
976 2650 1135 2734 ἔπραττεν

120 2755 142 2820 δ
172 2758 339 2841 ἔπραττεν.
387 2754 557 2839 τοιγάρτοι
584 2764 754 2840 πανταχοῦ
783 2752 861 2837 ἐξῆν
888 2754 977 2842 αὐτῷ
1007 2755 1136 2837 διάγειν

120 2861 336 2945 εὐδαιμόνως.
386 2858 543 2927 οὐδέποτε
573 2859 603 2925 δ’
635 2859 726 2926 ἐστὶν
756 2851 829 2928 οίόν
855 2857 883 2925 τ’
915 2862 962 2937 είς
988 2862 1026 2926 τὸ
1054 2860 1134 2928 αὐτὸ
1156 2877 1188 2926 17

80 2986 108 3027 ιε
123 2967 238 3034 ἐλθεῖν
260 2967 477 3052 εὐδαιμονίαν
499 2966 555 3032 καὶ
576 2971 688 3034 πόθον
710 2977 776 3033 τῶν
800 2966 841 3032 οὐ
867 2969 1052 3053 παρόντων.
1097 2968 1134 3032 τὸ

121 3075 185 3160 γάρ
214 3073 437 3158 εὐδαιμονοῦν
464 3071 599 3158 άπέχειν
627 3074 680 3138 δεῖ
704 3072 812 3138 πάντα
836 3072 857 3138 δ
878 3070 984 3156 θέλει,
1012 3077 1134 3157 πεπλη-

213 3271 229 3319 8
247 3265 329 3321 Hom.
349 3263 401 3319 od.
420 3283 440 3317 α
454 3269 479 3319 3.

195 3341 226 3390 11
246 3335 327 3392 Hom.
347 3334 399 3388 Od.
419 3340 501 3404 0487
521 3330 708 3406 (ἐφορῶντες).

196 3517 228 3565 17
248 3509 384 3566 ἀπέλιπεν
403 3509 436 3568 S:
454 3527 523 3568 corr.
552 3512 649 3569 Οοτσοε
685 3517 694 3582 ΙΙ
734 3518 766 3566 19
789 3509 847 3567 οιίελ
865 3511 897 3569 S:
916 3527 1017 3568 eorm
1053 3512 1063 3579 ss
1099 3514 1131 3564 21

124 3583 211 3637 αὐτοῦ
230 3581 263 3638 S:
282 3599 350 3639 corr.
369 3598 383 3637 8

178 3679 321 3723 Εετοτιττε.
942 3674 975 3724 19
