2626 3924
111 237 163 291 (Π,
176 238 208 289 10,
222 232 298 284 5-18)
410 222 563 275 BIBAION
580 220 778 275 TETAPTON.
806 218 838 276 ι’.
1060 218 1126 284 385

111 387 212 470 ἔργον
239 386 275 449 τί
296 405 376 448 ποτε
404 380 636 469 ἀνθρωπικόν,
664 380 886 467 εὐεργετικόν,
913 380 1124 466 κοινωφελές,

110 501 277 575 γενναῖον.
322 491 355 555 ελ
380 484 418 554 δέ
445 490 489 574 μὴ
514 490 658 573 δύναμαι
680 489 720 552 τά
742 493 920 572 τηλικαῦτα
941 498 1048 554 ποιῶν
1070 487 1125 553 εδ·
1145 503 1177 552 13

62 656 66 661 .
111 603 265 682 ρεθῇναι,
288 594 394 661 ἐκεῖνό
417 617 455 678 γε
477 596 514 661 τὸ
538 594 721 677 ἀκώλυτον,
752 596 790 660 τὸ
813 595 1003 679 διδόμενον,
1027 592 1126 678 ἐμαν-

110 706 170 769 τὸν
193 701 408 786 ἐπανορθῶν,
438 700 689 786 ἐξεργαζόμενος
711 703 772 785 τὴν
797 700 940 786 δύναμιν
963 702 1024 784 τὴν
1046 724 1125 785 χρη-

81 809 227 893 σστικην
240 818 308 873 τῶν
321 818 525 892 φαντασιῶν,
543 806 709 872 ἀπάθειαν
726 805 888 891 ἐκπονῶν,
906 819 976 884 ταῖς
995 804 1125 892 σχέσεσι

111 915 151 980 τά
179 916 284 981 οἰκεῖα
311 913 506 991 ἀποδιδούς·
533 916 565 979 ελ
593 913 697 991 οὕτως
719 913 859 997 εὐτυχής
881 916 963 999 ελμι,
986 911 1041 979 καὶ
1065 923 1124 979 τοῦ

110 1024 225 1108 τρίτον
251 1023 356 1086 τόπον
378 1020 645 1106 παραπτόμενος,
677 1029 737 1086 τοῦ
764 1017 839 1104 περὶ
867 1020 928 1104 τὴν
959 1029 1028 1085 τῶν
1055 1043 1125 1103 κρι-

112 1127 224 1212 μάτων
246 1126 440 1212 ἀσφάλειαν.

171 1231 232 1299 ’Ἅν
261 1234 341 1318 μετά
369 1232 498 1298 τούτων
521 1254 561 1315 με
591 1231 609 1297 ὁ
638 1230 786 1309 θάνατος
815 1231 999 1317 καταλάβη,
1031 1230 1126 1315 ἀρκεῖ
1146 1245 1178 1294 14

66 1365 95 1404 ιο
111 1365 167 1425 μοι
190 1339 233 1405 δν
256 1341 408 1423 δύνωμαι
434 1341 517 1425 πρὸς
543 1340 603 1403 τὸν
631 1340 716 1404 θεὸν
743 1337 912 1403 ἀνατεῖναι
934 1338 992 1414 τὰς
1013 1347 1125 1424 χεῖρας

100 1444 165 1511 ’καὶ
188 1448 293 1512 εἰπεῖν
316 1446 367 1510 ὅτι
390 1444 447 1522 ‘529
468 1447 589 1528 ἔλαβον
611 1442 764 1530 ἀφορμὰς
786 1444 874 1530 παρά
897 1460 959 1509 σου
981 1445 1064 1526 πρὸς
1086 1446 1123 1509 τὸ

111 1549 292 1618 αἰσθέσθαι
320 1569 381 1618 σον
403 1559 463 1634 τῆς
486 1551 679 1632 διοικήσεως
700 1547 756 1614 καὶ
778 1547 1006 1632 ἀκολουθῆσαι
1029 1549 1124 1635 αὐτῇ,

109 1659 237 1723 τούτων
260 1657 322 1723 οὐκ
344 1654 504 1742 ἠμέλησα·
528 1655 570 1720 οὐ
592 1650 782 1740 κατῄσχννά
801 1671 838 1719 σε
856 1655 893 1718 τὸ
917 1652 997 1737 έμὸν
1016 1653 1123 1738 μέρος.

111 1766 187 1830 ἰδοὺ
216 1775 285 1840 πῶς
314 1761 473 1848 κέχρημαι
501 1771 573 1838 ταῖς
603 1762 817 1844 αἰσθήσεσιν,
850 1760 926 1825 ἰδοὺ
955 1770 1025 1836 πῶς
1052 1771 1124 1838 ταῖς
1145 1775 1177 1824 15

67 1891 95 1933 ιε
109 1872 324 1957 προλήψεσιν.
370 1870 414 1953 μή
436 1866 518 1934 ποτέ
539 1883 576 1933 σε
598 1866 805 1952 ἐμεμψάμην,
828 1868 872 1951 μή
893 1890 925 1932 τι
942 1876 1010 1931 τῶν
1032 1890 1124 1950 γινο-

111 1975 222 2062 μένων
247 1973 315 2042 τινλ
343 1972 570 2059 δοσηρέστησα
597 1973 618 2057 ἢ
645 1973 753 2049 άλλως
779 1970 937 2055 γενέσθαι
963 1970 1124 2058 ἠθέλησα,

110 2085 155 2168 μή
186 2106 218 2147 τι
253 2083 312 2158 τὰς
343 2078 470 2165 σχέσεις
504 2076 668 2166 παρέβην;
702 2079 752 2144 ὅτι
784 2102 824 2163 με
860 2081 902 2144 σὺ
934 2077 1124 2164 ἐγέννησας,
1145 2095 1176 2143 16

109 2189 207 2274 χάριν
231 2190 306 2273 ἔχω,
329 2180 376 2251 ὧν
400 2187 537 2262 ἔδωκας·
562 2181 614 2270 ἐφ’
638 2184 720 2249 ὅσον
738 2184 927 2270 ἐχρησάμην
950 2195 1019 2262 τοῖς
1042 2197 1124 2269 σοῖς,

110 2294 207 2379 ἀρκεῖ
226 2317 292 2378 μοι.
337 2291 438 2356 πάλιν
461 2291 544 2355 αὐτὰ
564 2289 711 2374 ἀπόλαβε
734 2287 789 2354 καὶ
807 2288 989 2367 κατάταξον
1012 2292 1060 2368 εἰς
1080 2291 1124 2374 ἣν

68 2423 96 2462 ιο
110 2399 221 2477 θέλεις
246 2399 368 2485 χώραν.
414 2399 456 2462 σδι
488 2397 551 2482 γὰρ
579 2391 623 2478 ἦν
649 2395 773 2478 πάντα,
807 2396 850 2459 σύ
881 2387 1044 2478 μοιάὐτδ
1072 2396 1124 2462 δέ-

111 2505 238 2583 δωκας.’
288 2504 350 2570 οὐκ
381 2502 477 2590 άρκελ
506 2501 611 2578 οὕτως
642 2503 759 2586 ἔχοντα
791 2498 955 2579 ἐξελθεῖν,
987 2499 1043 2566 καὶ
1075 2505 1124 2578 τίς
1143 2517 1175 2566 17

109 2616 194 2697 βίων
217 2613 374 2698 κρείττων
396 2609 417 2694 ἣ
440 2605 741 2693 εὐσχημονέστερος
768 2617 828 2673 τοῦ
853 2605 957 2683 οὕτως
979 2609 1123 2691 ἔχοντος,

109 2723 188 2784 ποία
211 2713 248 2782 δὲ
271 2716 480 2802 καταστροφὴ
503 2711 795 2800 εὐδαιμονεστέρα;

169 2822 240 2890 Ἵνα
264 2819 302 2889 δὲ
323 2832 426 2889 ταῦτα
448 2819 593 2906 γένηται,
617 2819 658 2886 οὐ
676 2820 776 2905 μικρδ
794 2817 954 2898 δέξασθαι
973 2816 1052 2885 οὐδὲ
1071 2844 1123 2904 μι-
1144 2835 1175 2885 18

69 2949 97 2990 ιι
110 2942 200 3013 ιερῶν
230 2929 414 3016 ἀποτυχεῖν.
467 2926 508 2992 οὐ
538 2927 680 2991 δύνασαι
709 2923 765 2990 καὶ
795 2925 977 2991 ὑπατεῦσαι
1008 2923 1122 2992 θέλειν

183 3091 269 3154 25sq.
289 3087 323 3141 ef.
342 3083 431 3138 Ench.
447 3090 471 3152 1,
485 3089 515 3136 4:
540 3077 591 3138 έδιν
614 3082 646 3137 δὲ
669 3083 718 3137 καλ
736 3080 816 3138 ταῦτ’
838 3077 939 3154 έθέλης
957 3081 1006 3136 καὶ
1025 3081 1122 3153 άρχειν

111 3156 160 3212 καὶ
178 3161 308 3212 πλοοτεῐν
326 3159 382 3211 κτλ.

183 3294 488 3369 1ποτεννιιθρωπικόν
507 3295 540 3352 S:
563 3292 627 3350 ποτ’
649 3293 833 3367 άνθρωπικόν
852 3295 881 3357 s„
911 3297 921 3364 η
957 3299 973 3347 5
993 3288 1123 3349 ἐκπονεῖν

111 3369 143 3425 S:
162 3386 265 3426 corr-8
301 3371 311 3438 ΙΙ
350 3376 365 3424 6
384 3366 540 3429 ἀποδιδούς
558 3366 656 3422 δάκοι
680 3367 870 3421 άποδιδοῦναι
895 3365 929 3432 8,·
952 3364 1124 3419 ἀποδιδόναι

110 3440 141 3499 δι
169 3443 179 3509 ΙΙ
211 3447 243 3495 17
261 3437 402 3512 παρέβην;
422 3438 464 3493 ότι
483 3437 582 3494 δόλοισι
599 3439 764 3510 παραβῆναι
783 3436 826 3492 δτι
840 3436 874 3503 8,·
891 3434 1032 3509 παρέβην,
1052 3435 1125 3490 διότι

112 3511 230 3654 gaes>
241 3512 271 3638 „S
287 3517 319 3566 18
339 3509 421 3581 χάριν
441 3507 506 3579 ἔχω·
527 3508 631 3582 <χάριν
650 3508 734 3581 ἔχω,>
749 3504 788 3564 ὧν
802 3508 888 3564 Schw.
925 3510 934 3578 ΙΙ
965 3513 1000 3562 24
1018 3515 1124 3577 μικρῶν

150 3598 209 3635 στιν
269 3621 278 3644 ,

166 3679 310 3722 Εοιοτιπνε.
930 3671 963 3720 25
