2630 3928
130 213 160 270 (1,
176 219 310 270 mas—12,
327 213 361 265 ιν)
402 205 555 257 ΒΙΒΔΙΟΝ
571 203 733 282 ΠΡΩἚΟΝ.
759 203 810 257 ια’.
836 204 886 276 ιβ’.
1109 203 1153 267 45

202 369 300 433 Πολὺ
329 369 493 452 πρότερον
517 360 579 431 οὑν
602 365 783 449 ἀναγκαῖον
812 365 880 431 ἐστι
907 368 983 452 περὶ
1012 364 1188 431 έκιίστουε

131 473 265 538 τούτων
289 469 508 557 ἐπεσκέφθαι,
536 475 659 557 πότερα
682 472 785 556 ὑγιῶς
807 471 827 556 ἢ
851 471 912 556 οὐχ
935 472 1037 556 ὑγιῶς
1060 475 1153 555 λεγό-

132 581 239 662 μενόν
269 577 368 644 ἐστιν.
419 581 451 643 εί
477 579 539 663 γὰρ
572 580 616 663 μὴ
647 577 712 643 είσὶ
735 581 832 663 θεοί,
863 588 933 656 πῶς
949 578 1029 645 Ιἐστι
1054 577 1188 655 πέλοςο

132 683 278 750 ἕπεσθαι
301 690 409 761 &enlm
440 686 473 748 εί
493 680 524 748 δ’
552 680 638 749 είσλν
661 682 733 768 μέν,
757 685 901 768 μηδενὸς
923 682 954 750 δ’
981 684 1154 770 ἐπιμελού-

104 815 117 855 ε
134 813 245 875 μενοι,
267 788 325 855 ιιαί
343 791 535 869 οὕτωςπῶς
553 788 645 876 ὑγιὲς
665 793 771 878 ἐσταη
794 791 879 856 ἀλλὰ
902 793 944 876 δὴ
966 790 1023 856 ιιαλ
1046 793 1188 857 δντωνο

132 895 192 964 οιαὶ
216 895 485 981 ἐπιμελουμένων
503 900 535 963 εί
556 900 700 983 μηδεμία
719 898 869 975 διάδοσις
887 901 934 974 είς
952 897 1154 984 ἀνθρώπους

135 1001 228 1069 ἐστίν
252 1001 287 1082 ἐξ
310 1003 420 1068 αὑτῶν
454 1002 510 1068 καὶ
538 1005 578 1088 νη
602 1007 670 1069 Δία
700 1027 737 1088 γε
761 1005 816 1069 καί
846 1006 893 1081 είς
916 1001 988 1088 ἐμέ,
1015 1015 1084 1080 πῶς
1107 1007 1154 1068 ἐτι

134 1108 193 1175 παλ
220 1109 327 1187 οὑτως
353 1109 445 1193 ὑγιές
473 1109 556 1188 ἐστι;
585 1111 692 1177 πάντα
721 1105 783 1176 οὑν
805 1121 908 1177 ταῦτα
936 1111 954 1176 ὁ
977 1111 1077 1186 καλὸς
1099 1107 1188 1175 παλῖ

137 1216 269 1300 ἀγαθὸς
296 1215 536 1301 ἐπεσπεμμίνος
567 1217 629 1301 τὴν
656 1216 759 1282 αὑτοῦ
792 1219 929 1302 γνώμην
955 1214 1156 1302 ὑποτέταχεν

95 1347 122 1387 10
135 1331 182 1410 τῷ
208 1325 392 1388 διοικοῦντι
419 1324 459 1388 τὰ
489 1323 550 1388 ὅλα
577 1323 728 1408 καθάπερ
752 1307 932 1407 οίιάγαθοί
953 1327 1086 1389 πολῖται
1108 1332 1153 1410 τῷ

133 1433 232 1517 νόμῳ
255 1438 313 1512 τῆς
334 1433 468 1506 πόλεως.
516 1429 534 1496 ὁ
559 1426 596 1494 δέ
618 1432 858 1514 παιδευόμενος
882 1430 1005 1512 ταύτην
1028 1429 1154 1514 ὀφείλει
1173 1441 1189 1490 8

135 1537 200 1618 την
229 1533 389 1619 ἐπιβολὴν
418 1537 503 1620 ἔχων
517 1579 518 1584 1
531 1533 646 1600 ἐλθεῖν
675 1532 728 1599 ἐπὶ
756 1537 794 1601 τὸ
822 1536 1042 1602 παιδεύεσθαι
1075 1535 1155 1612 πῶς

138 1639 182 1704 δν
205 1638 347 1725 ἐσοίμην
367 1639 434 1724 ἐγὼ
463 1639 499 1705 έν
521 1638 622 1705 παντὶ
647 1651 718 1718 τοῖς
744 1647 838 1717 θεοῖς
866 1638 1013 1719 καὶπῶς
1036 1641 1078 1710 δν
1101 1641 1155 1707 εὐ-

138 1750 315 1830 αρεστοίην
349 1756 390 1832 τῇ
421 1753 507 1833 ’θεία
538 1747 700 1829 διοικήσει
733 1744 789 1812 καὶ
820 1757 890 1823 πῶς
921 1746 963 1812 δν
996 1752 1153 1832 γενοίμην

98 1876 125 1916 15
141 1851 345 1934 ἐλεύθερος;’
365 1851 545 1938 έλείθερος
558 1853 621 1936 γάρ
637 1851 739 1935 ἐστιν,
757 1845 783 1940 ᾧ
804 1856 930 1936 γίνεται
948 1852 1055 1918 πάντα
1073 1855 1155 1918 κατὰ
1174 1866 1189 1914 9

139 1962 335 2044 προαίρεσιν
367 1957 423 2024 ιιαλ
448 1958 490 2024 δν
520 1956 631 2034 οὐδεὶς
657 1959 798 2024 δύναται
821 1963 976 2026 κωλῦσαι.
1019 1964 1057 2024 τί
1077 1955 1153 2038 οὑν;
1176 1972 1209 2021 10

141 2065 284 2131 ἀπόνοια
312 2064 403 2130 ἐστιν
430 2064 450 2148 ἡ
480 2063 668 2149 ἐλευθερίας
698 2065 742 2148 μὴ
772 2063 911 2152 γένοιτο.
961 2069 1063 2149 μανία
1091 2066 1154 2149 γὰρ

140 2170 195 2237 ιιαὶ
227 2170 404 2257 ἐλευθερία
443 2173 490 2248 είς
525 2171 647 2236 ταύτὸν
681 2169 742 2236 οὑκ
774 2174 910 2258 ἔρχεται.
966 2170 1054 2238 εαλλ’
1090 2171 1155 2255 ἐγὼ
1176 2184 1207 2232 11

140 2276 231 2343 θέλω
261 2285 328 2342 πᾶν
356 2279 395 2342 τὸ
426 2277 550 2341 δοιιοῦν
576 2299 633 2359 μοι
663 2273 874 2360 ἀποβαίνειν,
899 2275 969 2340 »κᾶν
1000 2277 1155 2342 ὁπωσοῦν

101 2382 245 2470 ιοδοκη.’
291 2384 490 2467 μαινόμενος
517 2377 563 2465 εί,
592 2391 824 2466 παραφρονεῖς.
876 2381 938 2447 οὐκ
966 2377 1076 2467 οίδας,
1105 2383 1155 2447 ὅτι
1176 2397 1208 2444 12

139 2493 244 2556 καλόν
276 2513 308 2554 τι
341 2487 515 2573 ἐλευθερία
549 2484 617 2552 ἐστὶ
656 2485 709 2551 καί
743 2485 933 2570 ἀξιόλογον;
963 2489 1008 2552 ’τὸ
1042 2485 1074 2552 δ’
1112 2489 1157 2567 ὡς

141 2593 257 2681 ἐτυχέν
285 2617 324 2678 με
353 2595 536 2678 βούλεσθαι
563 2593 604 2656 τδι
633 2589 694 2674 [δ’]
724 2593 768 2669 ὡς
797 2595 912 2678 ἔτυχεν
937 2591 1078 2671 δόξαντα
1106 2595 1156 2677 γί-

215 2777 301 2836 lsqq.
316 2767 403 2821 Enoh.
421 2772 464 2833 31,
475 2772 504 2820 1:
526 2770 582 2835 Τῆς
600 2765 665 2836 περὶ
683 2767 748 2828 τοὺς
761 2767 850 2829 θεοὺς
869 2767 1011 2840 εὐσεβείας
1031 2769 1094 2822 ίσθι
1113 2767 1156 2822 ὅτι

140 2841 173 2896 τὸ
191 2839 365 2910 κυριώτατον
389 2835 484 2898 έιιεΐνόΙ
504 2831 580 2890 ἐστιν
604 2835 694 2904 δρθδις
711 2835 868 2906 ὑπολήψεις
885 2837 951 2906 περί
969 2839 1061 2894 αὑτῶν
1081 2837 1155 2909 ἐχειν

141 2913 179 2975 ὡς
207 2911 296 2966 ὄντων
324 2908 373 2964 ιιαὶ
399 2907 582 2963 διοικούντων
600 2907 712 2963 τδιιδλα
735 2941 748 2948 -
761 2941 775 2948 -
788 2939 802 2948 -
825 2907 874 2962 καλ
893 2909 996 2965 σαυτὸν
1015 2908 1056 2973 είς
1073 2919 1155 2965 τοῦτο

141 3001 284 3038 ιιαταιετα
300 2978 370 3036 έναι.
392 3011 424 3018 -
445 2984 479 3032 10
489 2996 530 3047 sq.
550 2977 584 3032 cf.
605 2979 731 3048 Xenoph.
751 2979 856 3034 (δουναι.
878 2979 963 3049 1V,3‚
981 2986 1022 3035 16.

216 3059 247 3107 15
313 3050 395 3106 omol.
415 3049 506 3118 Epiet.
523 3049 599 3104 Stob.
616 3057 662 3106 31:
682 3049 776 3112 οὐδεὶς
793 3049 847 3120 γὰρ
866 3052 966 3113 δοῦλος
984 3051 998 3105 ὁ
1018 3051 1069 3120 τὴν
1087 3071 1157 3120 προ-

138 3126 251 3194 αίρεσιν
270 3122 404 3194 ὑπάρχων
424 3117 582 3190 ίλεὺθερος.

215 3290 285 3338 1--3
309 3299 363 3352 μιν
381 3299 402 3337 s.
417 3286 434 3336 4
452 3282 517 3336 ίιιιιο
542 3281 621 3336 habet
645 3280 732 3336 θῖνα·
761 3281 839 3350 εἴπερ
864 3276 914 3335 οὑν
940 3282 1024 3349 ὑγιῶς
1047 3277 1157 3350 λέγεται

143 3355 221 3419 τέλος
244 3351 319 3410 εἶναι
342 3353 373 3408 τὸ
398 3350 520 3407 ἕπεσθαι
541 3355 615 3423 θεῷ,
639 3351 796 3422 ἀναγκαῖον
817 3350 883 3420 περὶ
908 3345 1026 3406 ἕκαστον
1049 3352 1156 3406 τοὺιων

144 3424 324 3494 ἐπεσκέφθαι
343 3419 444 3492 (ἐπισν.
464 3423 542 3491 FP)
575 3425 584 3490 ΙΙ
616 3421 683 3476 4δδ
703 3425 744 3478 bis
762 3422 834 3478 stob.
867 3425 876 3490 ΙΙ
909 3423 1027 3489 ὑὺγιῶς
1051 3423 1124 3478 Stob.
1149 3425 1156 3476 λ

144 3505 187 3568 8,9
206 3496 337 3566 κάγαθὸς
356 3495 429 3550 Stob.
448 3495 479 3549 F
507 3496 516 3564 ΙΙ
552 3488 762 3562 ἐπεσιεμμένως
785 3493 857 3549 Stob.
880 3493 923 3557 (ι’νι
941 3493 969 3544 Ρ
985 3508 1054 3546 corr.
1074 3493 1126 3558 ια’)
1146 3493 1154 3562 Η
1236 3523 1242 3538 ι

146 3574 179 3623 10
198 3568 263 3640 ὅλα]
282 3565 376 3621 πιίντα
393 3565 466 3622 Stob.
498 3567 508 3635 ῃ
539 3570 573 3618 2⁶2
593 3560 622 3617 δ’
643 3565 693 3620 del.
714 3563 798 3619 δαίων.
