2608 3928
90 248 299 299 (eamr-rvr)
480 239 708 292 FRAGMENTA.
1034 239 1103 303 415

89 395 160 465 εἶτα
181 401 296 476 κοινάς
314 395 400 465 εἶναι
418 401 573 484 βούλεται
593 401 650 477 τάς
668 412 841 482 γυναῖκας,
865 397 937 465 ἀλλ’
961 401 1100 486 ἐξαιρῶν

89 509 149 572 τὸν
166 515 319 572 τοιοῦτον
336 507 443 590 γάμον
465 503 521 571 καὶ
546 507 628 572 ἄλλο
646 530 678 572 τι
696 503 785 584 εἶδος
802 506 910 590 γάμου
924 506 1100 593 εἰσφέρων.

89 611 144 678 καὶ
176 616 213 679 τὸ
244 613 325 678 ὅλον
356 614 391 678 οί
416 614 591 697 ἄνθρωποι
621 617 795 699 χαίρουσιν
826 597 1005 697 ἀπολογίας
1034 625 1104 693 τοῖς

89 717 216 784 ἑαυτῶν
248 717 457 804 ἁμαρτήμασι
491 722 693 804 πορίζοντες·
731 719 804 784 ἐπεί
837 742 888 785 τοι
920 724 1102 806 φιλοσοφία

46 849 73 888 10
87 829 203 910 φησίν,
228 825 279 890 ὅτι
302 820 382 890 οὐδὲ
405 828 464 891 τὸν
485 825 650 891 δάκτυλον
669 823 826 891 ἐκτείνειν
845 827 916 910 είκῇ
934 830 1102 912 προσήκει.

160 983 194 1037 cf.
210 980 323 1036 omnino
338 981 372 1052 Π,
382 988 407 1050 4,
422 989 447 1038 8.
459 1013 491 1022 -
503 989 519 1038 8
530 1000 570 1051 eq.
586 983 621 1038 cf.
633 983 666 1052 11,
678 987 718 1050 18,
729 989 772 1036 31.
783 1013 816 1023 -
828 988 844 1037 9
854 1000 894 1051 aq.
910 982 944 1038 cf.
959 983 994 1052 11,
1006 990 1047 1052 11,
1059 989 1100 1038 17.

435 1251 515 1317 xvr
543 1251 661 1337 (saw.
683 1252 748 1337 τε).
952 1251 1102 1317 ναίω

82 1392 143 1458 Ἐκ
165 1404 241 1458 τῶν
260 1390 491 1478 Ἐπικτήτου
514 1393 938 1479 ἀπομνημονευμάτων.

152 1534 290 1600 Είόέναι
317 1537 394 1622 χρή,
422 1536 473 1601 ὅτι
502 1536 544 1601 οὐ
571 1532 692 1621 ῥᾴδιον
720 1536 828 1618 δόγμα
850 1532 1098 1618 παραγενέσθαι

83 1641 265 1730 ἀνθρώπω,
284 1643 372 1726 εἰμὴ
386 1639 464 1707 καθ’
482 1639 622 1726 ἑκάστην
635 1640 762 1725 ἡμέραν
778 1641 818 1704 τά
835 1639 917 1704 αὐτὰ
936 1637 990 1704 καὶ
1005 1638 1096 1728 λέγοι

82 1771 135 1824 τις
157 1746 212 1813 καὶ
235 1746 351 1814 ἀκούοι
373 1745 429 1813 καὶ
452 1749 518 1833 ἅμα
541 1756 649 1836 χρῷτο
672 1747 754 1832 πρὸς
776 1747 836 1810 τὸν
859 1749 943 1828 βίον.

156 1903 365 1972 cf.11,1e‚1a;
384 1904 470 1959 Ench.
490 1921 513 1960 c.
533 1910 575 1958 20.
655 1941 656 1946 κ

155 2117 207 2170 Hie
235 2116 308 2172 addo
335 2117 509 2187 fragmenta,
537 2133 623 2184 quae,
652 2115 706 2170 etei
729 2115 819 2170 eclam
842 2113 968 2184 Epicteti
993 2132 1096 2172 nomen

81 2205 152 2259 prae
171 2206 200 2244 ae
219 2190 325 2256 ferunt,
348 2191 443 2243 tamen
466 2190 581 2258 propter
604 2189 801 2257 argumentum
820 2188 849 2240 et
868 2202 1023 2241 sermonem
1042 2187 1097 2257 (in—

81 2259 181 2330 primis
204 2261 319 2330 propter
342 2259 414 2312 illud
438 2257 492 2328 ἔφη
517 2258 630 2328 saepius
648 2259 786 2327 positum,
812 2257 846 2311 de
866 2273 921 2325 quo
940 2257 975 2312 cf.
993 2257 1095 2312 Aemus

80 2350 109 2402 p.
129 2339 163 2386 49
180 2333 232 2401 sq.)
255 2329 438 2401 gnomologio
463 2329 623 2384 Stobaeano
648 2328 807 2382 adscribere
829 2331 966 2382 vetamur.
1007 2327 1096 2397 igitur

79 2400 140 2456 nisi
158 2402 193 2457 dc
211 2401 298 2457 tertie
317 2401 440 2470 quodam
460 2416 543 2470 opere
562 2399 688 2469 cogitare
705 2397 851 2466 malueris,
875 2397 948 2452 illud
963 2397 1095 2468 Ἐπικτή-

79 2494 131 2529 του
155 2477 205 2527 aut
224 2489 239 2528 e
258 2471 379 2541 Ῥούφου
403 2467 435 2526 ἔτι
453 2480 508 2526 τῶν
526 2473 598 2542 (τοῦ)
614 2469 781 2537 ’Mactavere
800 2468 865 2538 περὶ
889 2471 985 2537 φιλίας
1008 2470 1095 2538 (quod

79 2544 191 2598 nullam
213 2544 271 2599 fere
294 2543 382 2598 habet
399 2542 530 2597 veritaris
549 2542 682 2612 speciem)
702 2543 752 2595 aut
771 2556 805 2593 cx
824 2538 874 2594 Ἐι
891 2547 948 2594 τῶν
963 2539 1094 2607 ’heuva-

79 2636 131 2671 τον
151 2613 448 2739 ἀπομνημονευμάτων
465 2613 624 2668 breviatum
643 2629 705 2667 esee
718 2627 832 2666 necesse
851 2613 903 2665 eet.
941 2613 1027 2678 atque
1040 2613 1094 2666 hoc

271 2704 285 2739 r

79 2688 175 2756 ipsum
201 2704 232 2740 1n
286 2689 419 2757 agmento
446 2684 512 2739 XVI
538 2685 645 2739 factum
677 2699 738 2738 esee
766 2698 800 2736 ex
828 2698 845 2735 a
884 2684 968 2736 aratu
995 2681 1093 2737 critico

80 2773 243 2828 cognosces.
280 2756 316 2811 de
338 2773 395 2810 una
417 2759 531 2810 tantum
556 2756 655 2825 ecloga
678 2751 833 2826 (frang
915 2751 1028 2823 dubito,
1057 2770 1094 2808 an

79 2828 281 2955 Ξρρφοελρὲὲρῃ
291 2826 716 2968 illllliffinslaomllralezsfficnumetandc
744 2827 795 2892 sit3
824 2824 1006 2894 quamobrem
1031 2841 1093 2878 eam

61 3187 63 3192 ,
152 3137 168 3185 6
188 3126 262 3184 εἷναι
280 3129 329 3192 τὰς
347 3129 476 3190 τοιαύτας
492 3131 555 3195 (cic)
573 3133 710 3198 γυναῖκας
727 3127 755 3182 A
774 3131 834 3194 (ουι,
854 3125 1002 3199 βούλεται).

152 3200 223 3256 XVI.
257 3200 329 3256 stoc.
347 3202 406 3271 ίλον.
426 3206 473 3269 29,
493 3203 530 3254 84
570 3201 579 3269 ΙΙ
621 3206 634 3252 1
659 3195 955 3268 ἀπομνημονευμάτων
983 3215 1033 3253 cm.
1058 3197 1093 3263 S;

77 3271 150 3325 nihil
167 3274 224 3326 aiei
239 3269 406 3339 ’Meuarfccv
424 3273 503 3327 hahet
520 3271 578 3338 Br(
579 3271 628 3334 Tr)
668 3271 678 3340 ΙΙ
718 3267 834 3337 3λέγοι
855 3288 896 3330 τις
918 3268 968 3324 ιιαλ
990 3268 1089 3323 άαοάοι

78 3343 179 3465 ffdcffl:
206 3339 271 3410 λέγη
289 3362 330 3404 τις
348 3342 397 3396 καὶ
415 3342 506 3411 άαούη
531 3341 565 3408 8,·
588 3339 661 3410 λέγει
685 3339 762 3412 (λέγῃ
785 3342 823 3408 Α)
848 3359 889 3401 τις
916 3339 965 3393 καί
992 3340 1089 3394 ἀκούει

169 3430 185 3468 r
