2626 3924
133 228 183 285 (Π,
198 232 217 284 ν,
232 231 292 283 ι-ι,
306 225 342 277 10)
395 218 548 270 BIBAION
565 218 762 270 ΤΕΤΔΡΤΟΝ.
782 217 820 289 β’.
840 215 877 286 γ’.
1080 218 1145 282 345

131 387 302 463 πανταχοῦ
330 377 504 454 διασώσεις
530 379 568 442 τὸ
597 386 721 443 σαυτοῦ
752 381 930 463 πρόσωπον
958 370 1031 444 οἷον
1059 380 1146 464 ἔχειν

132 500 170 549 σε
195 485 254 548 δεῖ.
299 484 332 547 εί
353 477 390 547 δὲ
413 485 474 567 μῆ,
505 484 635 566 σκόπει,
662 483 712 548 ότι
740 481 942 549 ἀπόλλυνται
970 485 1006 550 ολ
1029 486 1147 570 χρόνοι

132 594 204 674 είκῆ
232 585 287 654 καὶ
317 587 379 653 ὅσα
410 597 474 653 νῦν
503 584 674 674 προσέχεις
705 596 847 676 σεαυτῷ,
879 587 1008 673 μέλλεις
1039 593 1146 676 ἐκχεῖν

133 696 262 761 ἅπαντα
289 702 391 759 ταῦτα
417 692 473 759 καὶ
500 693 705 781 ἀνατρέπειν.
750 695 866 778 ὀλίγον
894 691 931 759 δὲ
958 697 1053 781 χρεία
1076 693 1181 761 έστλ4

105 802 217 886 επρδς
243 800 304 882 τῆν
331 797 499 865 ἀπώλειαν
526 801 587 884 τῆν
614 800 747 865 πάντων
774 798 829 865 καλ
856 799 1063 885 ἀνατροπῆν,
1094 826 1147 885 μι-

133 915 214 992 κράς
241 904 453 991 ἀποστροφῆς
478 914 539 971 τοῦ
566 908 678 989 λόγου.
723 902 768 969 ἵν’
795 907 813 972 ὁ
842 907 1045 991 κυβερνήτης
1067 905 1181 971 ἀνα-5

116 1008 238 1098 ,τρέῦη
256 1013 294 1076 τὸ
312 1015 442 1093 πλοῖον,
460 1010 501 1076 οὐ
518 1012 632 1096 χρείαν
652 1013 718 1097 ἔχει
736 1019 794 1094 τῆς
810 1011 911 1096 αὐτῆς
928 1020 1147 1096 παρασκευῆς,

136 1115 215 1200 ὅσης
236 1117 284 1192 είς
305 1117 343 1180 τὸ
367 1126 483 1181 σῶσαι·
512 1115 595 1181 ἀλλά
621 1119 742 1202 μικρὸν
769 1118 853 1204 πρὸς
875 1118 935 1182 τὸν
958 1117 1082 1201 ἀνεμον
1105 1117 1147 1182 ἀν

134 1219 326 1307 ἐπιστρέψῃ,
348 1220 509 1286 ἀπώλετο·
531 1220 594 1286 κάν
613 1223 657 1305 μῆ
678 1221 775 1298 αὐτὸς
793 1218 891 1306 ἑκών,
912 1222 1147 1306 ὑποπαρενθυ-

94 1347 121 1388 10
134 1332 226 1411 μηθῆ
254 1323 301 1408 δ’,
323 1323 480 1392 ἀπώλετο.
524 1329 678 1392 τοιοῦτόν
706 1325 779 1392 έστί
796 1350 829 1393 τι
852 1325 907 1393 καλ
930 1326 1067 1393 ἐνθάδε·
1095 1343 1183 1412 μι-(ι

133 1434 217 1518 κρὸν
244 1429 286 1495 ἀν
314 1428 557 1516 ἀπονυστάξης,
583 1413 735 1515 ἀπῆλθεν
762 1432 870 1497 πάντα
896 1433 936 1497 τὰ
964 1431 1060 1518 μέχρι
1082 1443 1147 1499 νῦν

136 1533 381 1620 συνειλεγμένα.
426 1538 566 1622 πρόσεχε
589 1531 651 1602 οὖν
673 1547 745 1613 ταῖς
767 1539 975 1621 φαντασίαις,
1004 1537 1181 1623 ἐπαγρύ-ἰ

134 1663 220 1708 πνει.
265 1641 306 1707 οὐ
328 1642 392 1727 γάρ
415 1642 535 1726 μικρὸν
557 1643 594 1707 τὸ
617 1642 842 1727 τηρούμενον,
870 1639 941 1707 ἀλλ’
969 1644 1071 1719 αἰδὼς
1092 1641 1148 1707 καὶ

134 1751 242 1825 πίστις
259 1745 315 1813 καὶ
333 1744 521 1832 εὐστάθεια,
539 1746 695 1829 ἀπάθεια,
714 1746 848 1830 ἀλυπία,
870 1747 1004 1832 ἀφοβία,
1028 1746 1147 1833 ἀταρα-

95 1871 121 1914 1⁵
136 1853 205 1938 ξία,
231 1852 342 1931 ἁπλῶς
369 1852 551 1939 ἐλευθερία.
597 1855 699 1918 τίνων
725 1850 855 1936 μέλλεις
884 1862 987 1920 ταῦτα
1008 1858 1145 1931 πωλεϊνς
1166 1868 1182 1917 8

135 1959 234 2045 βλέπε
266 1963 373 2025 πόσου
400 1957 511 2038 ἀξίων.
543 1994 587 2006 -
615 1945 701 2025 Ἀλλ’
734 1958 775 2024 οὐ
807 1956 962 2044 τεύξομαι
993 1958 1147 2027 τοιούτου

134 2068 226 2143 τινὸς
248 2061 318 2130 ἀντ’
345 2060 457 2130 αὐτοῦ.
479 2100 517 2112 -
537 2062 645 2130 Βλέπε
667 2062 723 2129 καλ
745 2064 920 2150 τυγχάνων
942 2064 1043 2130 πάλιν
1066 2066 1147 2130 ὲκεί-

135 2195 211 2256 νου,
228 2170 264 2236 τί
278 2166 348 2236 ἀντ’
372 2166 475 2236 αὐτοῦ
493 2170 680 2254 λαμβάνεις.
716 2168 793 2254 “έγώ
812 2167 1004 2255 εὐκοσμίαν,
1023 2169 1148 2247 ἐκεῖνος
1166 2183 1182 2232 9

138 2279 337 2364 δημαρχίαν·
369 2273 495 2351 ἐκεῖνος
522 2277 737 2360 στρατηγίαν,
768 2277 833 2359 ἐγὼ
861 2278 953 2342 αίδῦ.
1003 2272 1074 2340 ἀλλ’
1106 2270 1147 2340 οὐ

97 2383 319 2470 ιοκραυγάζω,
342 2381 426 2446 ὅπου
450 2378 603 2466 ἀπρεπές·
627 2378 699 2445 ἀλλ’
722 2378 784 2446 οὐκ
804 2380 1042 2464 ἀναστῆσομαι,
1064 2381 1148 2444 ὅπου

137 2491 181 2574 μῆ
205 2490 266 2554 δελ.
311 2486 487 2571 ἐλεύθερος
513 2485 577 2572 γάρ
604 2487 673 2570 είμι
693 2483 749 2551 καλ
771 2489 869 2571 φίλος
890 2496 951 2552 τοῦ
972 2491 1074 2568 θεοῦ,
1100 2481 1144 2548 ἵν’

138 2593 222 2662 ἑκών
249 2588 418 2677 πείθωμαι
445 2587 543 2678 αὐτῷ.
593 2601 659 2656 τῶν
693 2587 723 2656 δ’
755 2593 867 2657 ἄλλων
895 2588 1032 2666 οὐδενὸς
1059 2587 1148 2654 ἀντι-
1169 2602 1202 2653 10

136 2702 310 2767 ποιεῖσθαί
324 2721 363 2783 με
383 2699 446 2781 δεῖ,
470 2693 511 2762 οὐ
535 2697 694 2783 σώματος,
717 2694 758 2761 οὐ
776 2698 931 2782 κτῆσεως,
953 2693 1014 2762 οὐκ
1037 2693 1149 2781 ἀρχῆς,

138 2803 179 2872 οὐ
202 2807 325 2890 φῆμης,
348 2802 459 2881 ἁπλῶς
483 2799 635 2880 οὐδενός·
659 2798 739 2868 οὐδὲ
762 2803 825 2888 γάρ
849 2801 973 2879 ἐκεῖνος
994 2802 1153 2885 βούλεταί

99 2925 125 2968 2⁶
139 2906 171 2995 μ’
203 2909 447 2975 ἀντιποιεῖσθαι
474 2905 592 2974 αὐτῶν.
642 2909 675 2972 εί
700 2908 762 2993 γὰρ
789 2909 928 2991 ῆθελεν,
955 2904 1067 2990 ἀγαθά
1094 2927 1149 2970 πε-

138 3018 269 3099 ποιῆκει
286 3012 369 3079 αὐτὰ
387 3014 429 3080 ἀν
448 3013 531 3098 ἐμοί.
566 3022 632 3078 νῦν
650 3007 682 3077 δ’
704 3010 746 3078 οὐ
761 3016 952 3097 πεποίηκεν·
976 3013 1032 3077 διδ
1051 3021 1149 3078 τοῦτο

213 3210 245 3259 13
256 3222 316 3273 sqq.
340 3204 375 3259 cf.
394 3204 481 3258 Eneh.
503 3209 544 3272 12,
565 3209 595 3258 22
623 3202 756 3258 τοσούτου
783 3207 916 3258 πωλεῖται
939 3200 1077 3270 ἀπάθεια,
1104 3221 1151 3257 το-

139 3275 241 3332 σοότον
258 3271 405 3346 ἀταραξία.

213 3353 314 3416 lsssqq.
329 3346 365 3400 cf.
377 3344 462 3400 Ench.
472 3350 515 3411 25,
526 3349 555 3398 ὅτ
570 3342 654 3398 οῦδὲν
668 3338 719 3398 οάν
735 3341 807 3414 ἔχεις
820 3343 884 3398 ἀντὶ
898 3349 947 3398 τοῦ
961 3344 1079 3399 δείπνου
1093 3345 1149 3397 κτλ.

211 3423 245 3472 22
266 3417 301 3472 ef.
320 3415 465 3485 Ench.31‚
482 3421 509 3469 1:
528 3411 685 3469 πείθεσθαι
703 3415 799 3476 αὐτοῖς
815 3445 830 3455 -
843 3446 857 3455 -
870 3446 884 3456 -
903 3408 1011 3470 ἑκόντα.

213 3565 246 3613 14
264 3557 394 3613 ἀπάθεια
412 3555 511 3612 διδους
531 3552 678 3610 εὐπείθεια
696 3555 719 3611 S
