2636 3930
191 199 256 265 288
339 199 523 253 APPIANOT
541 199 615 252 ΤΩΝ
632 200 851 253 ΕΠΙΚΤΗΤΟΤ
869 201 1064 253 ΔΙΑΤΡΙΒΩΝ

192 360 396 446 ἀνθρώποις,
420 372 490 439 ταῖς
513 363 711 447 διατριβαῖς;
735 359 790 428 καὶ
811 371 875 428 νῦν
894 366 1019 428 κλαίων
1038 360 1206 444 ἐκάθισας,

193 467 243 533 ὅτι
266 469 310 553 μη
334 471 412 545 τοὺς
434 468 557 545 αὐτοὺς
579 466 711 552 βλέπεις
732 466 788 534 καὶ
811 469 848 535 ἐν
870 481 940 548 τοῖς
960 469 1072 546 αὐτοῖς
1094 471 1207 545 τόποις

158 592 173 640 6
193 576 381 659 διατρίβεις.
417 576 537 641 τούτου
562 576 624 661 γάρ
643 575 735 654 ἀξιος
757 570 797 660 εἴ,
821 577 876 642 ίνα
894 575 1036 642 καὶτῶν
1054 575 1207 662 κοράκων

192 679 246 746 καλ
265 693 423 766 κορωνῶν
442 681 645 764 ἀθλιώτερος
663 675 714 766 ᾖς,
733 672 784 758 οἷς
802 680 927 760 ἔξεστιν
943 683 1103 749 ἵπτασθαι
1122 681 1207 748 ὅπου

191 787 352 854 θέλουσιν
380 787 436 854 καὶ
462 789 713 873 μετοικοδομεῖν
741 790 798 865 τάς
825 790 979 866 νεοσσιάς
1006 787 1061 854 καλ
1090 789 1129 854 τά
1151 809 1207 853 πε-
1232 811 1242 851 ⁵

192 894 276 979 λάγη
300 896 461 982 διαπερᾶν
483 893 527 978 μὴ
551 890 726 959 στένουσιν
750 891 834 980 μηδὲ
856 901 1004 960 ποθοῦσι
1026 895 1066 960 τδι
1083 905 1206 975 πρῶτα.

159 1021 233 1069 7-
260 1004 343 1066 Ναί·
372 997 443 1066 ἀλλ’
470 999 535 1065 ὑπὸ
563 1008 623 1065 τοῦ
650 1001 756 1084 ἄλογα
784 995 870 1066 εἶναι
897 1001 1014 1087 πάσχει
1042 1000 1134 1067 αὐτά.
1166 1039 1203 1047 -
1300 1019 1301 1028 ’

189 1103 291 1191 Ἡμῖν
314 1102 377 1172 οὖν
399 1108 498 1190 λόγος
521 1103 575 1171 ἐπὶ
597 1105 716 1193 ἀτυχίᾳ
737 1104 793 1172 καὶ
815 1109 1056 1195 κακοδαιμονίᾳ
1074 1105 1208 1172 δέδοται

192 1213 258 1278 ὑπὸ
286 1224 353 1278 τῶν
380 1218 487 1296 θεῶν,
514 1209 557 1277 ἵν’
585 1213 717 1296 άθλιοι,
747 1214 802 1279 ίνα
825 1219 1029 1291 πενθοῦντες
1052 1214 1207 1280 διατελῶ-

157 1339 266 1402 8μεν;
300 1315 320 1401 ἣ
349 1317 469 1395 πάντες
496 1321 641 1384 ἔστωσαν
670 1318 832 1386 ἀθάνατοι
859 1319 914 1385 καὶ
941 1318 1057 1405 μηδεὶς
1083 1321 1207 1404 άποδη-
1221 1344 1244 1382 ιο

192 1426 304 1508 μείτοι,
327 1421 404 1509 μηδ’
430 1425 523 1510 ἡμεῖς
544 1446 610 1491 που
634 1425 866 1511 ἀποδημῶμεν,
889 1427 973 1493 ἀλλὰ
994 1424 1145 1512 μένωμεν
1164 1427 1208 1504 ὡς

192 1530 231 1595 τά
255 1531 342 1616 φυτά
368 1530 682 1617 προσερριζωμίνοι·
712 1531 754 1597 ἀν
783 1530 822 1598 δέ
847 1557 896 1610 τις
919 1531 1116 1620 ἀποδημηση
1139 1545 1206 1599 τῶν

192 1641 369 1724 σννηθοιν,
400 1640 584 1724 καθήμενοι
611 1642 778 1723 κλαίωμεν
805 1637 860 1704 καὶ
887 1640 1003 1723 πάλιν,
1036 1638 1078 1705 ἂν
1111 1641 1207 1726 ἔλθη,

192 1745 368 1832 ἀρχώμεθα
391 1744 447 1812 καὶ
470 1757 639 1830 κροτῶμεν
663 1746 707 1822 ὡς
729 1748 769 1811 τά
792 1747 921 1824 παιδίας
1221 1785 1233 1844 η

156 1872 172 1920 9
261 1853 332 1918 Οὐκ
350 1851 654 1937 ἀπογαλακτίσομεν
671 1853 735 1935 ἤδη
754 1848 833 1918 ποθ’
853 1849 991 1929 ἑαυτοὺς
1008 1849 1063 1917 καὶ
1082 1876 1205 1937 μεμνη·
1220 1873 1242 1913 ιι

143 1978 176 2026 1ο
195 1960 324 2042 σύμεθα
348 1953 396 2022 ὧν
418 1959 607 2042 ἠκούσαμεν
625 1959 713 2043 παρά
732 1969 800 2024 τῶν
818 1960 1028 2042 φιλοσόφους
1053 1964 1087 2024 εί
1106 1983 1142 2043 γε
1162 1961 1206 2045 μη

192 2065 237 2140 ὡς
261 2062 426 2130 ἐπαοιδῶν
449 2064 559 2130 αὐτῶν
582 2064 748 2150 ἠκούομεν
772 2065 822 2130 ὅτι
845 2063 863 2129 δ
887 2065 1010 2148 κόσμος
1032 2059 1130 2142 οὗτος
1147 2069 1207 2149 μία

191 2171 288 2246 πόλις
310 2167 380 2235 ἐστὶ
402 2166 457 2235 καλ
479 2171 501 2255 η
524 2170 622 2237 οὐσία
645 2169 678 2249 ἐξ
707 2165 746 2254 ης
770 2171 1047 2258 δεδημιούργηται
1070 2173 1129 2255 μία
1151 2170 1206 2236 καλ

192 2273 318 2360 ἀνάγκη
345 2278 503 2361 περίοδύν
530 2300 605 2342 τινα
632 2272 718 2343 εἶναι
750 2274 805 2342 καὶ
832 2278 1067 2361 παραχώρησιν
1094 2277 1207 2343 ἀλλων
1302 2339 1303 2350 ,

191 2382 305 2460 ἀλλοις
327 2381 382 2449 καὶ
405 2385 445 2448 τά
468 2380 529 2469 μὲν
553 2385 766 2468 διαλύεσθαι,
796 2384 835 2448 τά
859 2378 889 2448 δ’
918 2382 1143 2467 ἐπιγίνεσθαι,
1166 2385 1206 2448 τὰ
1221 2405 1245 2444 ιο
1302 2379 1303 2382 ’

139 2509 171 2557 11
191 2485 253 2573 μὲν
280 2488 394 2575 μένειν
421 2490 459 2557 ἐν
480 2498 525 2580 τῷ
549 2490 654 2578 αὐτῷ,
682 2491 721 2555 τά
751 2484 788 2554 δὲ
816 2496 992 2555 κινεῖσθαι.
1037 2489 1144 2555 πάντα
1169 2486 1206 2555 δὲ

191 2601 300 2680 φίλων
327 2599 445 2682 μεστοί,
472 2608 585 2685 πρῶτα
613 2593 674 2681 μὲν
702 2602 809 2680 θεῶν,
839 2591 909 2661 εἶτα
936 2593 992 2661 καλ
1015 2595 1207 2680 ἀνθρώπων

191 2704 291 2788 φύσει
317 2707 400 2788 πρὸς
427 2703 591 2788 ἀλλήλους
618 2699 849 2791 ᾠκειωμένων·
877 2699 932 2768 καὶ
961 2704 1014 2768 δεῖ
1039 2703 1116 2778 τοὺς
1143 2698 1206 2786 μὲν

190 2819 345 2894 παρεῖναι
372 2809 542 2894 ἀλληλοις,
569 2812 647 2887 τοὺς
674 2803 705 2874 δ’
737 2808 1019 2892 ἀπαλλάττεσθαι,
1047 2819 1116 2885 τοῖς
1144 2804 1206 2892 μὲν

192 2924 331 2981 συνοῦσι
353 2919 538 3002 χαίροντας,
560 2927 631 2994 τοῖς
654 2912 683 2980 δ’
711 2915 1009 3000 ἀπαλλαττομένοις
1032 2914 1076 3000 μὴ
1098 2913 1203 3000 ἀχθο-
1219 2933 1243 2973 25

263 3112 295 3161 12
304 3123 364 3175 sqq.
380 3106 413 3162 cf.
428 3107 515 3161 Eneh.
532 3113 577 3162 16:
596 3109 730 3163 κλαίοντα
748 3139 762 3148 -
776 3139 786 3149 -
800 3139 814 3149 -
828 3107 1043 3177 ἀποδημοῦντος
1060 3103 1171 3161 τέκνου.

262 3184 296 3232 22
316 3179 350 3234 cf.
370 3194 443 3246 quae
462 3178 526 3232 adn.
546 3178 584 3232 ad
601 3177 649 3247 ΠΙ,
666 3185 706 3245 13,
724 3183 764 3232 15.

262 3255 296 3304 23
315 3248 350 3304 of.
369 3249 456 3304 Ench.
475 3254 523 3305 30:
541 3250 611 3320 πρὸς
629 3280 662 3290 -
682 3247 790 3320 πατέρα
808 3247 893 3319 φύσει
911 3247 1070 3320 ᾠκειάθηςς

191 3359 404 3369 —-----—..

262 3431 379 3479 3τοῦτο
398 3423 431 3480 S.-
449 3440 552 3481 σοντι
591 3427 600 3494 ΙΙ
640 3423 809 3478 emona»
827 3424 850 3480 S
865 3425 933 3493 (suit
951 3423 1082 3493 δέδοται)
1120 3427 1130 3495 ΙΙ
1170 3430 1204 3479 12

190 3492 441 3566 προσερριζωμὲνοι
459 3495 482 3550 S
498 3499 542 3566 (ρο
565 3497 598 3551 in
619 3510 673 3549 ras.
693 3496 777 3550 trium
796 3495 848 3550 litt.
868 3515 887 3550 α
905 3497 945 3565 δι)
986 3500 996 3565 ΙΙ
1037 3499 1071 3550 15
1093 3495 1206 3565 ἀπογα-
1282 3547 1285 3556 ,

191 3567 361 3635 λακτίσωμεν
381 3565 413 3622 S:
432 3582 533 3622 σοικε
564 3567 573 3636 u
603 3562 667 3619 ποτ’
689 3565 721 3620 S:
740 3580 842 3621 eorm
872 3569 882 3636 ΙΙ
914 3573 947 3622 18
967 3562 1031 3635 ἑξῆς
1049 3565 1083 3621 S:
1101 3582 1206 3623 eorm
