2636 3922
149 170 216 234 104
291 171 473 231 APPIANO'I'
491 171 567 224 ΤΩΝ
584 171 802 224 ΕΠΙΚΤΗΤΟΤ
819 171 1013 224 ΔΙΑΤΡΙΒΩΝ

149 331 270 419 κράτης
296 337 403 409 καλῶς
428 341 535 398 ποιῶν
562 332 831 417 μορμολύκεια
858 330 974 398 ἐκάλει.
1025 332 1070 408 ὡς
1097 333 1164 418 γὰρ
1228 340 1231 343 ’

148 449 218 516 τοῖς
240 440 385 514 παιδίοις
406 439 446 504 τά
468 449 659 524 προσωπεῖα
676 441 830 523 φαίνεται
849 439 942 504 δεινά
961 435 1015 504 καὶ
1033 440 1165 525 φοβερά

151 542 195 610 δι’
218 543 382 631 ἀπειρίαν,
406 547 560 610 τοιοῦτόν
577 568 609 609 τι
631 542 686 610 καὶ
708 543 803 628 ἡμεῖς
825 545 995 630 πάσχομεν
1017 547 1100 632 πρὸς
1122 545 1164 609 τδι

150 652 325 737 πράγματα
348 648 393 716 δι’
415 647 516 728 οὐδὲν
534 651 616 716 ἀλλο
640 649 660 734 ἢ
684 651 793 736 ὥσπερ
811 648 867 716 καὶ
885 651 924 716 τά
941 652 1058 716 παιδία
1080 653 1165 736 πρὸς

99 774 131 822 16
150 758 208 834 τδις
235 760 483 843 μορμολυκείας.
534 759 569 821 τί
592 757 656 842 γάρ
684 755 754 822 ἐστι
779 759 932 833 παιδίον;
960 758 1087 841 άγνοια.
1132 761 1170 821 τί
1197 777 1213 818 5

151 863 221 929 ἐστι
240 865 391 941 παιδίον;
415 861 553 948 ἀμαθία.
590 858 659 928 ἐπεὶ
678 863 763 929 ὅπου
782 858 875 929 οἶδεν
892 862 1040 947 κάκεῖνα,
1062 858 1165 928 οὐδὲν

99 987 130 1034 17
150 970 244 1054 ἡμῶν
274 971 410 1035 ἔλαττον
437 971 513 1054 ἔχει.
562 969 708 1046 θάνατος
736 972 771 1034 τί
794 967 879 1047 έστι;
911 970 1165 1057 μορμολύκειον.

152 1075 294 1159 στρέψας
316 1075 398 1140 αὐτὸ
420 1073 603 1158 κατάμαθε
627 1076 703 1140 ίδοὺ
726 1085 796 1152 πῶς
816 1075 857 1141 οὐ
876 1076 999 1140 δάκνει.
1043 1077 1081 1141 τὸ
1100 1090 1166 1140 σω-

152 1181 270 1266 μάτιον
294 1183 348 1246 δεῖ
372 1186 580 1266 χωρισθῆναι
607 1190 667 1247 τοῦ
689 1184 909 1266 πνενματίον,
935 1182 980 1258 ὡς
1001 1183 1166 1267 πρότερον

152 1287 364 1372 ἐκεχώριστο,
390 1286 411 1370 ἢ
439 1295 504 1351 νῦν
530 1286 551 1370 ἢ
578 1287 728 1370 ὕστερον.
773 1291 809 1352 τί
833 1283 896 1353 οὖν
920 1287 1113 1370 ἀγανακτεῖς
1134 1288 1168 1352 εί
1182 1309 1213 1350 ιο

101 1411 133 1458 18
151 1404 230 1472 νῦν;
255 1394 287 1458 εί
308 1395 372 1478 γάρ
390 1393 434 1476 μὴ
453 1403 529 1475 νῦν,
551 1393 702 1479 ὕστερον.
748 1394 804 1458 διὰ
827 1397 871 1473 τίς
897 1395 953 1459 ἵνα
971 1393 992 1476 ἡ
1011 1394 1167 1480 περίοδος

152 1499 292 1583 ἀνύηται
314 1509 375 1565 τοῦ
397 1501 537 1583 κόσμου·
560 1502 675 1584 χρείαν
693 1500 756 1585 γδιρ
779 1501 845 1584 ἔχει
867 1511 934 1565 τῶν
953 1496 1014 1584 μὲν
1038 1498 1166 1565 ἐνιστα-

152 1604 275 1690 μένων,
297 1616 364 1671 τῶν
388 1601 425 1670 δὲ
448 1607 650 1689 μελλόντων,
672 1617 739 1672 τῶν
758 1604 788 1670 δ’
810 1603 1018 1690 ἠνυσμένων.
1063 1609 1168 1682 κόνος

101 1730 132 1778 19
152 1714 188 1776 τί
212 1711 296 1789 ἕσας
325 1713 577 1797 μορμολύκειον.
623 1710 767 1798 στρέψον
795 1710 875 1777 αὐτὸ
903 1710 960 1777 καλ
985 1711 1167 1794 κατάμαθε.

151 1817 296 1903 τραχέως
317 1829 457 1883 κινεῖται
479 1820 517 1883 τδ
541 1819 730 1903 σαρκίδιον,
757 1810 827 1882 εἶτα
849 1817 951 1883 πάλιν
973 1821 1078 1895 λείως.
1123 1817 1167 1882 άν
1184 1839 1213 1880 15

153 1940 207 1990 σοι
230 1925 274 2007 μὴ
298 1926 465 2006 λυσιτελῇ,
486 1922 506 2005 ἡ
530 1924 621 2006 θύρα
638 1924 802 2006 ἤνοικται·
826 1921 868 1988 ἀν
887 1927 1055 2008 λυσιτελῇ,
1077 1920 1168 2007 φέρε.

101 2047 134 2096 κο
153 2031 236 2115 πρὸς
258 2028 365 2092 πάντα
387 2028 451 2113 γδιρ
474 2027 633 2113 ἠνοῖχθαι
654 2029 709 2093 δεῖ
727 2031 789 2113 τὴν
811 2030 924 2115 θύραν
950 2026 1006 2094 καὶ
1032 2038 1168 2115 πρᾶγμα

153 2135 215 2201 οὐκ
238 2137 365 2219 ἔχομεν.

100 2260 134 2307 21
225 2244 282 2317 Τίς
305 2235 367 2306 οὖν
390 2239 518 2305 τούτων
540 2250 607 2306 τῶν
631 2240 806 2324 δογμάτων
829 2243 966 2325 καρπόςς
991 2242 1093 2322 ὅνπερ
1114 2241 1171 2304 δεῖ

153 2349 331 2414 κάλλιστόν
359 2344 387 2412 τ’
422 2341 508 2411 εἶναι
535 2344 590 2411 καλ
619 2344 893 2429 πρεπωδέστατον
920 2358 990 2424 τοῖς
1016 2354 1062 2434 τῷ
1094 2347 1168 2412 όντι
1183 2368 1213 2408 εο

101 2472 135 2521 22
154 2450 422 2538 παιδευομένοις,
456 2450 613 2536 ἀταραξία
643 2450 767 2536 ἀφοβία
797 2451 980 2538 ἐλευθερία.
1030 2453 1071 2518 οὐ
1103 2453 1167 2537 γάρ

154 2571 223 2638 τοῖς
236 2565 372 2636 πολλοῖς
385 2556 460 2644 περὶ
473 2558 602 2623 τούτων
615 2555 819 2642 πιστευτέον,
833 2560 869 2623 οδ
880 2555 1014 2640 λέγουσι
1028 2559 1168 2641 μόνοις

155 2665 302 2745 ἐξεῖναι
325 2665 588 2728 παιδεύεσθαι
611 2673 694 2741 τοῖς
717 2662 965 2749 ἐλευθέροις,
992 2662 1077 2729 ἀλλά
1099 2675 1169 2740 τοῖς

155 2774 353 2856 φιλοσόφοις
384 2775 527 2854 μᾶλλον,
559 2773 595 2836 οἳ
623 2768 758 2852 λέγουσι
786 2772 932 2854 μόνους
963 2772 1054 2847 τοὺς
1080 2791 1169 2834 παι-

103 2897 136 2944 23
157 2875 374 2953 δευθέντας
401 2873 642 2961 ἐλευθέρους
669 2870 781 2942 εἶναι.
807 2913 853 2924 -
876 2880 956 2953 Πῶς
982 2886 1095 2954 τοῦτο;
1127 2912 1164 2922 -
1184 2897 1213 2938 25

157 2984 267 3049 Οὕτω·
290 2992 356 3049 νῦν
378 2983 460 3049 άλλο
478 2986 513 3048 τί
532 2981 624 3048 ἐστιν
647 2981 822 3064 ἐλευθερία
844 2981 865 3066 ἢ
888 2984 925 3048 τὸ
949 2980 1096 3058 ἐξεῖναι
1120 2981 1170 3059 ὡς

155 3110 369 3120 ———-...---.-

178 3245 185 3266 ἱ
228 3181 243 3229 1
264 3174 299 3230 οῖ.
317 3173 389 3265 ῌελ.
404 3173 518 3254 Phaejio
532 3191 559 3243 p.
575 3179 642 3228 we:
663 3173 700 3244 μὴ
720 3171 846 3228 δεδιέναι
864 3173 914 3228 τὸν
931 3172 1062 3229 θάνατον
1076 3171 1169 3244 ὥσπερ

156 3266 191 3301 w
210 3248 414 3370 μλλμάλυέλοωλλ
433 3243 648 3393 εἳῗιλΙ,Ρ’λ,4δ1ῗε
671 3313 721 3368 τόν
744 3316 900 3369 σπουδαῖον
923 3311 999 3369 εἶναι
1022 3315 1110 3385 μόνον
1129 3347 1143 3356 -
1155 3348 1171 3356 -

159 3381 323 3453 ἐλεόθερονς
341 3385 434 3438 Laert.
447 3383 530 3452 Dlog.
543 3383 604 3451 VH,
620 3389 678 3438 121.

228 3461 263 3510 26
273 3472 313 3521 sq.
337 3453 372 3508 cf.
391 3455 483 3507 Ιιμθιλ.
502 3451 659 3522 Diog.V11‚
680 3460 742 3510 121:
767 3454 841 3510 εἶναι
863 3455 915 3524 τὴν
939 3451 1106 3526 ἐλευθερίαν
1125 3450 1171 3520 ἕξ·

158 3526 257 3581 ουσίαν
275 3524 473 3595 αὐτοπραγίας.
