2636 3922
162 185 226 252 102
306 188 490 241 APPIANOT
507 188 582 241 ΤΩΝ
599 188 818 240 ΕΙΠΚΤΗΤΟΤ
835 187 1030 240 ΔΙΑΤΡΙΒΩΝ

123 348 373 436 εσυνυπάρχει.
418 350 456 414 τὸ
485 345 523 413 δέ
550 351 756 433 φαινόμενον
783 353 919 426 πολλοῖς
946 348 983 414 ἐν
1009 357 1055 436 τῷ
1083 351 1174 438 τόπφ

159 454 350 540 παράδοξον
378 455 472 520 δοκεῖ
496 477 552 538 μοι
579 455 735 520 τοιούτου
763 457 855 532 τινὸς
882 457 1029 541 ἔχεσθαι·
1059 455 1092 518 ελ
1113 451 1175 539 μὲν

160 562 223 645 γάρ
245 563 329 646 πρὸς
350 560 452 627 ταύτά
475 560 632 646 ἠξιοῦμεν
654 568 800 648 χρῆσθαι
823 571 862 648 τῇ
885 558 912 626 τ’
941 560 1097 647 εὐλαβείᾳ
1118 557 1176 625 καὶ

160 675 205 754 τῷ
228 667 361 752 θάρσει,
384 668 520 744 δικαίως
543 665 586 733 ἀν
608 666 694 751 ἡμᾶς
715 664 857 753 ᾐτιῶντο
880 667 926 743 ὡς
946 667 987 732 τὰ
1005 665 1175 732 ἀσύναιιτα

122 773 373 856 4συνάγοντας.
419 782 484 839 νῦν
507 769 545 837 δὲ
566 775 602 838 τί
623 773 736 838 δεινὸν
758 775 825 859 ἔχει
852 775 890 839 τὸ
918 776 1114 857 λεγόμενον;
1143 775 1176 838 εἰ
1201 797 1215 836 ε

159 878 223 964 γὰρ
249 878 328 964 ὑγιῆ
350 875 446 957 ,ταῦτ’
475 881 544 944 ἔστι
566 879 606 943 τά
627 877 787 956 πολλάκις
816 875 878 963 μέν
901 876 1070 963 εἰρημένα,
1093 884 1174 945 πολ-

158 984 252 1070 λάιιις
279 981 310 1050 δ’
341 981 617 1068 ἀποδεδειγμένα,
648 983 701 1049 ὅτι
731 983 752 1067 η
780 983 896 1050 οὐσία
922 993 992 1050 τοῦ
1019 983 1174 1069 ἀγαθοῦ

160 1092 268 1156 ἔστιν
287 1089 329 1157 έν
347 1093 482 1178 χρήσει
501 1101 729 1174 φαντασιῶν
743 1088 807 1156 καλ
824 1099 894 1156 τοῦ
911 1099 1035 1156 κακοῦ
1048 1091 1174 1156 ὡσαύ·

159 1219 246 1280 τως,
273 1198 317 1260 τὰ
340 1193 371 1260 δ’
398 1196 639 1282 ἀπροαίρετα
662 1197 752 1290 οὐτε
778 1197 849 1280 την
872 1206 941 1262 τοῦ
967 1206 1090 1264 κακοῦ
1112 1195 1174 1263 δέ·

124 1320 267 1388 σχεται
289 1303 411 1388 φύσιν
434 1302 523 1367 οὐτε
546 1303 616 1387 τὴν
638 1311 708 1368 τοῦ
731 1301 903 1386 ἀγαθοῦ,
929 1305 965 1366 τί
982 1302 1174 1388 παράδοξον
1188 1326 1215 1366 ιο

129 1457 131 1462 -
159 1407 311 1486 ἀξιοῦσιν
340 1408 377 1473 οὐ
404 1410 602 1493 φιλόσοφοι,
633 1410 665 1472 ελ
695 1406 864 1493 λέγουσιν·
897 1408 996 1474 ὅπου
1028 1405 1098 1494 μὲν
1129 1411 1174 1474 τὰ

159 1513 414 1601 ἀπροαίρετα,
442 1513 524 1580 ἐκεῖ
543 1516 585 1580 τὸ
608 1513 758 1599 θάρσος
781 1516 877 1581 ἔσται
902 1531 981 1599 σοι,
1004 1514 1102 1582 ὅπου
1131 1513 1174 1580 δὲ

124 1621 202 1688 6τά
220 1619 495 1705 προαιρετικά,
521 1619 643 1701 έκεῖη
667 1618 868 1703 εὐλάβεια;
893 1621 926 1684 εἰ
946 1621 1010 1706 γάρ
1035 1619 1072 1686 έν
1090 1630 1173 1706 κακῇ

158 1725 348 1813 προαιρέσει
370 1726 408 1792 τὸ
431 1730 546 1810 κακόν,
572 1727 655 1811 πρὸς
676 1727 763 1809 μόνα
784 1735 887 1792 ταῦτα
909 1733 1055 1813 χρῆσθαι
1078 1726 1174 1805 ἀξιον

158 1833 325 1921 εὐλαβείᾳ·
349 1835 381 1898 ελ
403 1828 440 1898 δὲ
462 1833 502 1899 τὰ
526 1831 726 1920 ἀπροαίρετα
747 1830 803 1897 καλ
826 1833 870 1917 μὴ
894 1830 945 1918 ἐφ’
968 1831 1049 1917 ημῖν
1072 1829 1175 1899 οὐδὲν
1189 1853 1216 1894 ιε

125 1959 139 2007 ἰ
159 1942 242 2025 πρὸς
263 1939 363 2023 ἡμᾶς,
386 1939 468 2023 πρὸς
490 1947 593 2004 ταῦτα
615 1946 661 2026 τῷ
683 1938 805 2023 θάρσει
827 1935 997 2024 χρηστέον.
1040 1936 1097 2004 καὶ
1118 1938 1176 2004 οὐ·

158 2068 223 2122 τυς
241 2045 308 2128 ἅμα
336 2040 397 2129 μεν
420 2044 571 2128 εὐλαβεῖς
594 2045 661 2129 ἅμα
685 2039 722 2110 δὲ
744 2042 927 2131 θαρραλέοι
951 2044 1098 2129 ἐσόμεθα
1120 2043 1176 2110 καὶ

158 2153 201 2235 νη
228 2153 297 2215 Δία
324 2150 381 2215 διὰ
406 2151 468 2234 τὴν
500 2149 676 2234 εὐλάβειαν
706 2147 897 2235 θαρραλέοι.
910 2147 1009 2237 ,χχδιά
1041 2151 1104 2235 γὰρ
1127 2152 1175 2244 Ιτὸ

159 2256 374 2340 εὐλαβεῖσθαι
402 2254 442 2319 τά
472 2255 576 2331 ὄντος
598 2255 682 2319 ααιιά
706 2255 907 2338 συμβήσεται
930 2260 1072 2342 θαρρεῖν
1096 2256 1176 2340 ἡμῖν

159 2365 241 2450 πρὸς
263 2363 303 2428 τά
326 2362 371 2446 μη
394 2360 499 2436 οὕτως
523 2362 649 2446 ἔχοντα.
757 2445 764 2450 .
1188 2385 1215 2424 ιο

125 2488 141 2538 8
169 2521 170 2524 ι
227 2470 358 2537 Λοιπὸν
385 2466 478 2552 ἡμεῖς
504 2468 542 2533 τὸ
570 2477 637 2532 τῶν
666 2465 800 2552 ἐλάφων
826 2466 1008 2554 πάσχομεν·
1037 2468 1091 2534 ὅτε
1114 2492 1175 2554 φο·
1306 2531 1307 2541 ,

159 2580 298 2661 βοῦνται
320 2572 376 2641 καὶ
398 2575 583 2660 φεύγουσιν
605 2574 643 2638 αἱ
668 2575 785 2659 ἔλαφοι
809 2574 849 2639 τά
871 2574 985 2660 πτερά,
1014 2584 1080 2642 ποῦ
1103 2572 1176 2661 τρέ-

82 2681 87 2688 ’
159 2703 277 2748 πονται
299 2678 355 2746 καὶ
377 2682 459 2763 πρὸς
480 2683 556 2746 τίνα
584 2679 817 2765 ἀναχωροῦσιν
840 2680 885 2757 ὡς
912 2679 1060 2766 ἀσφαλη;
1091 2682 1175 2766 πρὸς

160 2787 199 2852 τά
223 2788 352 2852 δίκτυα·
382 2784 438 2852 καὶ
461 2785 566 2863 αὐτος
584 2784 787 2851 ἀπόλλυνται
811 2785 1030 2865 ἐναλλάξασαι
1052 2787 1092 2851 τά
1114 2810 1176 2871 φο-

109 2885 141 2960 19
160 2894 242 2979 βερά
264 2891 320 2958 καὶ
344 2893 383 2957 τά
404 2890 584 2977 θαρραλέα.
630 2891 717 2958 οὕτω
739 2890 795 2958 ααλ
817 2892 911 2977 ἡμεῖς
932 2901 998 2958 ποῦ
1017 2893 1176 2978 χρώμεθα
1191 2911 1216 2952 ιε

159 3007 206 3088 τῷ
228 3000 339 3088 φόβφ;
361 3000 445 3084 πρὸς
466 2999 506 3062 τά
533 2997 741 3084 ἀπροαίρετα.
787 2997 824 3064 έν
851 3002 938 3064 τίσιν
966 2999 1066 3064 πάλιν
1090 3004 1176 3085 θαρ-

161 3115 297 3193 ροῦντες
324 3102 601 3188 ἀναστρεφόμεθα
628 3103 673 3181 ὡς
695 3102 834 3181 οὐδενὸς
857 3107 953 3182 ὄντος
976 3105 1106 3183 δεινοῦς
1139 3102 1177 3169 ἐν

110 3230 142 3278 10
160 3223 229 3289 τοῖς
255 3220 505 3297 προαιρετικοῖς.
551 3209 795 3295 ἐξαπατηθῆναι
821 3205 929 3296 <οὐν>
952 3208 1176 3298 ἢζπροπεσεῖν

234 3477 250 3526 8
270 3465 327 3524 ἐστι
341 3469 374 3526 S:
387 3486 484 3526 τοττι
514 3472 524 3540 ΙΙ
555 3475 590 3526 28
605 3467 655 3524 οὐν
670 3489 688 3524 ο
702 3469 732 3530 Se
752 3472 898 3538 (incertum
915 3479 1010 3528 αῖααιι
1028 3477 1178 3529 correctum

161 3558 201 3596 αα
219 3542 355 3608 additum)
