2650 3930
113 214 157 270 (11,
167 218 200 269 ει,
210 216 297 270 ιε-ιτ,
307 212 329 264 ε)
366 205 519 258 BIBAION
537 205 738 261 ΔΕΊὝΕΡΟΝ.
762 204 821 260 ια’.
842 204 899 277 ιβ’.
1065 206 1129 270 185

114 367 235 450 δαμῶς,
281 362 365 431 ἀλλὰ
387 366 432 449 μή
455 388 487 430 τι
509 363 648 460 περὶτὰ
666 361 770 450 μηδὲν
788 368 871 451 πρὸς
890 367 1025 445 αὐτούς;
1050 363 1129 433 οὐδὲ

112 469 190 557 περὶ
211 479 323 537 ταῦτα.
368 471 579 538 ὑπολείπεται
608 475 725 538 τοίνυν
747 471 822 557 περὶ
845 476 932 557 μόνα
954 474 994 539 τά
1017 472 1164 557 ἀγαθάν

113 575 355 644 ἐσπουδακέναι
379 577 514 656 αὐτούς·
542 579 574 644 εί
596 575 625 644 δ’
654 577 910 663 ἐσπουδακέναι,
939 577 994 646 καὶ
1017 585 1128 666 φιλεῖν

112 693 225 750 ταῦτα.
272 685 361 762 ὅστις
383 679 447 751 οὖν
469 683 610 769 άναθῶν
633 684 821 769 ἐπιστήμων
844 685 944 769 ἐστίν,
968 682 1066 764 οὗτος
1086 685 1128 752 δν
1147 706 1164 754 3

86 786 170 855 ικαὶ
196 795 308 874 φιλεῖν
335 793 452 875 εἰδείη·
486 793 504 858 ὁ
533 787 570 857 δὲ
602 793 647 876 μη
680 792 865 876 δυνάμενος
893 795 1061 879 διακρῖναι
1087 793 1128 857 τά

113 896 225 980 ἀγαθὰ
247 896 313 963 ἀπὸ
330 908 398 963 τῶν
416 909 527 964 κακῶν
545 895 601 964 καὶ
618 899 659 963 τά
677 895 835 984 οὐδέτερα
853 895 910 964 ἀπ’
931 896 1128 984 ἀμφοτέρων

111 1012 182 1080 πῶς
199 1002 242 1068 άν
261 1005 309 1068 ἐτι
327 998 425 1080 οὗτος
442 1009 554 1088 φιλεῖν
573 1005 726 1084 δύναιτο;
745 1014 806 1071 τοῦ
824 1008 992 1091 φρονίμου
1011 1007 1128 1070 τοίνυν

10 1171 13 1180 ,
112 1105 183 1173 ἐστὶ
205 1111 311 1193 μόνον
334 1112 373 1176 τὸ
396 1115 518 1194 φιλεῖν.

179 1212 247 1280 Καὶ
269 1223 352 1293 πῶςς
379 1218 496 1300 φησίν·
528 1215 592 1300 ἐγὼ
619 1217 683 1302 γὰρ
711 1218 828 1303 άφρων
856 1217 904 1283 ὢν
927 1217 1016 1301 ὅμως
1038 1222 1162 1302 φιλῶί

72 1340 97 1380 1⁰
111 1344 178 1406 μου
200 1323 239 1388 τὸ
260 1323 405 1387 παιδίον.
428 1357 465 1370 -—
488 1323 650 1407 Θανμάζω
674 1319 735 1407 μὲν
757 1324 800 1407 νὴ
823 1326 902 1400 τοὺς
923 1325 1036 1407 θεούς,
1057 1335 1161 1402 πῶςσ

111 1425 227 1493 καὶτὸ
250 1438 383 1512 πρῶτον
406 1428 621 1514 ὡμολόγηκας
642 1431 774 1514 άφρονα
798 1423 885 1494 εἶναι
907 1433 1056 1496 σεαυτόν.
1095 1433 1131 1496 τί

111 1534 175 1618 γάρ
200 1549 253 1599 σοι
276 1536 396 1612 λείπεις
425 1531 466 1600 οὐ
489 1543 551 1620 χρη
579 1537 748 1618 αἰσθήσει,
778 1532 819 1600 οὐ
845 1540 1028 1620 φαντασίας
1056 1539 1126 1601 δια-

110 1643 251 1726 κρίνεις,
281 1640 323 1706 οὐ
345 1641 470 1725 τροφάς
492 1639 663 1727 προσφέρη
686 1641 745 1718 τὰς
767 1639 972 1724 ἐπιτηδείως
994 1650 1039 1730 τῷ
1064 1645 1127 1709 σώ-

110 1768 204 1830 ματι,
231 1746 272 1812 οὐ
296 1745 436 1830 σκέπην,
464 1747 526 1812 οὐκ
552 1753 696 1831 οίκησιν;
726 1749 834 1812 πόθεν
861 1742 924 1813 οὖν
952 1749 1159 1832 ὁμολογεῖςε

8 1924 9 1932 ¹
71 1870 96 1910 1⁵
111 1853 229 1936 ἄφρων
251 1847 352 1931 είναι;
376 1853 426 1918 ὅτι
448 1854 491 1936 νὴ
515 1856 584 1944 Δία
606 1852 763 1930 πολλάκις
786 1851 951 1932 ἐξίστασαι
973 1854 1039 1921 ὑπὸ
1058 1865 1125 1919 τῶν

110 1967 305 2043 φαντασιῶν
322 1955 378 2026 καὶ
395 1959 542 2046 ταράσση
561 1958 616 2025 καὶ
634 1959 777 2044 ἡττῶσίν
796 1976 832 2025 σε
851 1961 889 2025 αλ
906 1963 1126 2045 πιθανότητος

110 2063 235 2130 αὐτῶν·
259 2062 314 2131 καὶ
336 2061 413 2130 ποτὲ
438 2060 499 2148 μέν
521 2075 624 2132 ταῦτα
647 2065 759 2149 ἀγαθά
777 2065 1033 2152 ὑπολαμβάνεις,
1055 2064 1126 2134 είτα

110 2169 221 2236 ἐκεῖνα
237 2170 320 2236 αὐτά
338 2171 433 2256 κακά,
450 2171 591 2257 ὕστερον
610 2170 641 2237 δ’
659 2170 831 2260 οὐδέτερα·
849 2171 905 2239 καὶ
923 2173 1008 2250 ὅλος
1026 2178 1125 2260 λυπῇ,

108 2279 215 2362 φοβῇ,
242 2283 399 2362 φθονεῖς,
425 2276 583 2364 ταράσση,
610 2279 811 2365 μεταβάλλῃ·
839 2280 895 2344 διά
922 2289 1024 2346 ταῦτα
1047 2281 1125 2365 ὁμο-
1206 2349 1208 2354 ,

68 2402 95 2442 ιο
110 2388 222 2466 λογεῖς
249 2384 367 2468 ἄφρων
391 2379 486 2449 εἶναι.
532 2382 569 2450 ἐν
592 2380 629 2449 δὲ
656 2393 702 2472 τῷ
724 2389 837 2469 φιλεῖν
860 2385 901 2450 οὐ
923 2387 1158 2473 μεταβάλλων

109 2489 196 2555 άλλά
226 2494 372 2556 πλοῦτον
405 2486 467 2576 μὲν
498 2488 554 2555 καὶ
586 2489 714 2574 ἡδονὴν
745 2487 801 2556 καὶ
833 2489 944 2568 ἁπλῶς
971 2491 1055 2558 αὐτὰ
1085 2494 1125 2557 τὰ

108 2595 285 2683 πράγματα
310 2592 391 2662 ποτὲ
413 2591 474 2680 μέν
502 2595 614 2680 ἀγαθὰ
640 2596 887 2682 ὑπολαμβάνεις
913 2593 1016 2682 εἶναι,
1045 2594 1124 2664 ποτὲ

110 2699 148 2768 δὲ
175 2701 273 2781 κακά;
304 2701 505 2789 ἀνθρώπους
535 2700 573 2769 δὲ
600 2705 678 2781 τοὺς
705 2703 828 2781 αὐτοὺς
855 2701 930 2791 οὐχὶ
956 2700 1035 2771 ποτέ
1062 2701 1124 2788 μὲν

109 2808 272 2892 ἀγαθούς,
296 2803 374 2873 ποτὲ
398 2805 435 2873 δὲ
457 2810 580 2886 κακοὺς
600 2807 656 2875 καὶ
678 2805 757 2875 ποτὲ
784 2804 846 2893 μέν
873 2810 1002 2889 οίκείως
1028 2814 1124 2896 ἔχεις,

68 2931 94 2972 2⁵
109 2910 189 2980 ποτὲ
212 2911 243 2978 δ’
269 2912 398 3001 ἐχθρῶς
419 2913 605 2992 αὐτοῖςκαὶ
622 2911 701 2981 ποτὲ
721 2911 782 3000 μὲν
805 2915 961 3001 ἐπαινεῖς,
983 2913 1063 2983 ποτὲ
1086 2913 1124 2983 δέ

109 3018 236 3104 &dyas-3
253 3057 295 3066 —-
308 3017 379 3086 Ναὶ
401 3019 578 3088 καὶταῦτα
600 3020 723 3108 πάσχα.
743 3058 781 3068 -
802 3025 845 3087 Τί
865 3018 941 3102 οὖν;
964 3024 982 3090 ὁ
1006 3021 1123 3109 ἐξηπα-
1142 3040 1157 3088 8

108 3124 249 3211 τημένος
275 3129 353 3213 περί
374 3151 467 3204 τινος
494 3128 588 3193 δοκεῖ
614 3146 666 3193 σοι
693 3131 791 3212 φίλος
821 3123 907 3193 εἶναι
934 3129 1051 3208 αὐτοῦς
1082 3167 1119 3177 -

110 3233 162 3298 Οὐ
184 3231 282 3298 πάνυ.
300 3269 338 3280 -
357 3230 438 3299 Οὐδ’
462 3234 714 3317 ὁμεταπτώτως
737 3231 892 3318 ἑλόμενος
914 3235 1018 3301 αὐτὸν
1036 3230 1122 3300 εἶναι

181 3421 315 3478 9τῶνι9
347 3427 356 3496 u
396 3430 429 3477 13
448 3422 648 3494 προσφέρειςε
687 3427 697 3492 ί
740 3431 772 3478 16
792 3423 925 3494 ταράττηι
943 3425 976 3481 S:
994 3443 1062 3482 corr.
1081 3443 1094 3480 ε
1112 3425 1122 3498 λλ

107 3501 143 3548 26
162 3489 373 3564 ἐξαπατημίνος
391 3495 424 3550 S:
443 3511 511 3550 corr.
532 3494 560 3554 δι
595 3495 604 3562 ΙΙ
640 3499 674 3548 28
694 3493 757 3548 οὐδ’
778 3494 793 3548 ὁ
811 3498 924 3565 κατέμενε
948 3495 1013 3550 οὐδὲ
1032 3496 1055 3551 S
1077 3499 1122 3564 (in

107 3564 175 3620 δεδὲ
195 3580 274 3632 ποτε,
291 3565 365 3620 unde
383 3563 398 3617 δ
417 3563 449 3619 δέ
467 3568 493 3632 ε)
525 3567 535 3633 η
567 3565 811 3638 είιμεταπτάτωςε
