2608 3928
112 207 208 266 (τετε,
223 207 271 258 111)
506 199 732 252 FRAGMENTA.
1058 200 1125 266 405

111 359 214 443 ούσης
238 357 293 424 καὶ
320 370 389 437 πῶς
416 360 607 445 διωκούσης
634 361 673 424 τὰ
697 361 758 426 ὅλα
780 359 836 426 καὶ
858 363 999 448 πότερον
1022 363 1126 446 ούσης

110 464 131 548 ἣ
154 467 210 551 μή,
233 477 336 532 ταῦτα
360 465 470 533 οὐκέτι
493 467 674 551 ἀναγκαῖον
697 473 1003 555 πολυπραγμονείν;

475 716 509 781 11
536 713 657 803 (σοι.
678 714 766 803 135).
1052 719 1124 784 MA

105 853 315 942 ’Λρριανοῦ
335 854 612 943 Ἐπικτητείου.

171 995 207 1061 Ὁ
230 1011 300 1076 τοῖς
317 1010 462 1084 παροῦσι
479 998 535 1065 καὶ
554 998 745 1085 δεδομένοις
762 999 828 1066 ὑπὸ
847 1008 904 1084 της
922 1002 1021 1086 τύχης
1042 1002 1123 1066 δυσ-

109 1109 272 1189 χεραίνων
301 1106 436 1189 ἰδιώτης
463 1105 500 1172 ἐν
527 1109 606 1196 βίῳ,
636 1106 654 1172 ὁ
683 1102 721 1171 δὲ
748 1116 850 1173 ταῦτα
876 1110 1037 1191 γενναίως
1064 1106 1122 1192 (γε’-

109 1234 178 1296 ρων
196 1209 251 1276 καὶ
270 1211 469 1295 εὐλογίστως
482 1213 521 1278 τὰ
536 1209 590 1276 ἀπ’
608 1211 718 1278 αὐτῶν
733 1213 882 1297 <ποιῶν>
897 1212 981 1300 ἀνὴρ
996 1213 1123 1297 ἀγαθὸς

79 1344 92 1383 ε
107 1315 198 1395 ἄξιος
219 1320 421 1403 νομίζεσθαι.

459 1531 511 1596 111
541 1530 660 1616 (εστ.
683 1531 768 1618 136).
1023 1533 1122 1598 ενι

113 1640 188 1702 Τοῦ
212 1637 342 1703 αὐτοῦ.

175 1779 293 1845 Πάντα
310 1780 471 1845 ὑπακούει
490 1788 535 1867 τῷ
554 1782 668 1868 κόσμῳ
685 1777 741 1845 καὶ
761 1779 919 1864 ὑπηρετεῖ
934 1777 990 1844 καὶ
1003 1789 1044 1864 γῆ
1064 1777 1119 1845 καλ

107 1885 261 1951 θάλασσα
280 1883 335 1951 καὶ
352 1886 446 1969 ἥλιος
463 1883 519 1951 καὶ
538 1886 577 1950 τδ
595 1886 694 1951 λοιπδι
713 1887 817 1970 ἄστρα
834 1882 890 1951 καὶ
903 1885 943 1950 τδ
957 1893 1017 1969 γῆς
1032 1887 1120 1970 φυτὰ

108 1987 163 2056 καὶ
188 1993 264 2079 ζῷα·
288 1993 448 2058 ὑπακούει
468 1989 505 2057 δὲ
524 1993 612 2081 αὐτῷ
635 1991 746 2058 καὶτὸ
768 1990 928 2079 ἡμέτερον
954 2002 1047 2076 σῶμα
1065 1990 1121 2058 καὶ

81 2106 235 2165 ενοσούν
261 2096 316 2164 καὶ
343 2099 514 2184 ὑγιαῖνον,
542 2099 622 2165 ὅταν
651 2097 776 2178 ἐκεῖνος
798 2098 900 2186 δέλη,
926 2096 982 2164 καὶ
1004 2099 1121 2178 νεύζον

106 2202 161 2270 καὶ
180 2215 294 2291 γηρῶν
313 2203 368 2270 καλ
386 2206 444 2282 τὰς
461 2206 563 2283 ἄλλας
582 2207 798 2292 διερχόμενον
816 2205 1009 2290 μεταβολάς.
1043 2205 1119 2270 ούκ-

107 2321 170 2377 ούν
195 2313 336 2395 εύλογον
354 2314 425 2395 καί,
444 2310 461 2377 δ
482 2308 532 2396 ἐφ’
556 2311 636 2396 ἡμῖν
653 2310 734 2394 ἐστι,
753 2310 902 2377 τουτέστι
923 2314 983 2396 τὴν
997 2317 1121 2396 κρίσιν,

106 2420 151 2502 μὴ
184 2417 382 2482 ἀντιτείνειν
409 2421 516 2502 μόνην
543 2422 626 2504 πρὸς
657 2418 773 2483 αὐτόν·
810 2414 866 2482 καὶ
894 2419 957 2502 γὰρ
985 2420 1120 2503 ἰσχυρός

106 2523 176 2590 ἐστι
198 2521 254 2589 καὶ
277 2527 442 2611 κρείσσων
463 2521 518 2590 καὶ
541 2525 680 2608 ἄμεινον
698 2521 782 2610 ὑπὲρ
796 2523 890 2608 ἡμῶν
904 2525 1121 2610 βεβούλευται

68 2659 92 2698 10
107 2631 187 2716 μετὰ
214 2643 281 2696 τῶν
310 2627 398 2696 δλων
428 2628 483 2696 καὶ
505 2631 591 2716 ἡμᾶς
618 2632 829 2697 συνδιοικῶν.
874 2632 957 2716 πρὸς
984 2627 1021 2695 δὲ
1043 2632 1120 2696 τού-

104 2760 174 2815 τοις
206 2736 261 2803 καλ
293 2737 313 2822 ἡ
342 2736 533 2823 δντίπραξις
569 2739 649 2822 μετδι
679 2746 739 2804 τοῦ
770 2736 894 2820 ἀλόγου
928 2733 983 2801 καὶ
1015 2734 1118 2803 πλέον

105 2840 207 2910 οὐδὲν
233 2854 376 2911 ποιοῦσα
403 2846 491 2929 πλην
518 2846 554 2911 τὸ
583 2847 736 2928 διακενῆς
765 2849 914 2909 σπᾶσδαι
946 2840 1001 2908 καὶ
1028 2863 1118 2924 περι-

104 2954 235 3015 πίπτειν
259 2951 395 3028 ὀδύναις
416 2949 472 3017 καὶ
495 2952 614 3028 λύπαις
634 2962 730 3017 ποιεί.

176 3141 210 3196 11.
240 3145 312 3199 Stob.
330 3146 519 3213 fl0r.108‚65
546 3146 556 3213 ΙΙ
585 3143 795 3214 1Ἔαιικτητίον
814 3145 904 3200 σούύ..·
924 3159 992 3199 corr.
1007 3143 1093 3198 δαίων.
1109 3143 1119 3214 [λ

104 3214 287 3284 λεύλογίστω
310 3217 402 3271 νοτίδι
425 3233 493 3271 οων.
519 3216 621 3270 (ἔτεκεν
657 3217 666 3284 ΙΙ
704 3215 835 3288 (ποιῶν)
858 3216 971 3278 αᾶδίδί;
991 3215 1119 3270 lamam

103 3288 187 3340 εσκείί
205 3285 304 3356 δείσας
323 3285 382 3357 [τὰ]
397 3286 531 3341 απαντῶν
546 3287 637 3342 Hense
659 3291 669 3356 [1
692 3291 708 3340 5
722 3286 801 3353 ἄξιος
812 3287 927 3342 Gesner:
941 3285 1025 3352 ἀξίως
1041 3287 1117 3342 codd.

105 3361 169 3427 (quo
191 3363 296 3414 servato
324 3355 465 3428 νομίζεται
484 3359 656 3414 εονιλιικιίιακ
682 3375 736 3413 esse
764 3360 921 3428 suspicatur
943 3358 1047 3424 Ητκει,
1071 3373 1118 3427 τρο

103 3425 260 3497 νομιζέσθω
280 3431 393 3498 malim).

174 3499 221 3552 III.
250 3501 324 3554 Stob.
338 3503 397 3569 flor.
414 3505 478 3570 108,
493 3505 530 3555 66
560 3503 570 3569 ΙΙ
604 3507 616 3554 1
640 3503 696 3555 Τοῦ
712 3502 798 3556 αὐτοῦ
813 3501 889 3556 MA:
905 3497 1049 3570 Ἀρριανοῦ
1069 3498 1090 3552 S
1108 3499 1117 3570 Η

104 3575 120 3625 8
140 3570 281 3625 ἀντείνων
301 3571 362 3626 ΜΛ
