2636 3922
117 199 145 255 (Ι,
161 206 195 255 12,
210 202 299 252 ιε-τι)
427 193 580 246 ΒΙΒΛΙΟΝ
598 192 756 248 ΠΡΩΤΟΝ.
782 191 831 263 ιβ’.
1091 191 1133 254 47

114 356 198 435 μίαν
220 357 332 430 καλεῖς
355 362 466 436 τοῦτο,
488 351 530 417 ἂν
554 349 590 418 δὲ
614 355 694 437 μετὰ
713 352 914 439 ἀνθρώπων,
938 351 1135 438 ἐπιβούλους

112 455 301 541 λέγειςκαὶ
325 458 458 545 ληστοίς·
482 456 595 544 μέμφη
619 455 656 525 δὲ
679 457 734 524 καί
757 470 868 542 γονεῖς
890 462 968 536 τοὺς
991 471 1133 528 σεαυτοῦ

111 563 172 630 καὶ
200 563 298 630 τέκνα
322 562 377 630 καὶ
400 563 566 650 ἀδελφοὺς
593 564 648 631 καὶ
671 569 829 650 γείτονας.
876 568 943 632 ἔδει
968 563 1005 631 δὲ
1027 570 1132 652 μόνον
1151 581 1182 630 21

111 668 261 756 μένοντα
278 671 421 757 ἡσυχίαν
435 677 548 737 καλεῖν
567 672 648 738 αὐτὸ
663 670 717 737 καὶ
737 671 933 758 ἐλευθερίαν
946 672 1001 738 καὶ
1016 674 1133 757 ὅμοιον

81 787 187 854 ττοῑς
208 782 304 855 θεοῖς
331 777 487 861 ἡγεῖσθαι
514 779 634 862 αὑτόν,
661 780 741 863 μετὰ
768 784 902 845 πολλῶν
926 775 956 844 δ’
984 781 1064 846 ὄντα
1087 781 1131 864 μή

112 885 219 970 όχλον
239 888 354 950 καλεῖν
372 881 456 969 μηδὲ
478 888 632 970 θόρυβον
662 883 739 970 μηδ’
762 885 896 970 ἀηδίαν,
918 882 991 950 ἀλλ’
1014 883 1132 970 ἑορτήν

113 987 171 1054 καί
197 992 387 1077 πανήγυριν
419 989 476 1056 καὶ
503 990 590 1058 οὕτω
619 992 726 1056 ποίντα
753 990 938 1077 εὐαρέστως
966 989 1130 1077 δέχεσθαι.

112 1101 165 1174 τίς
187 1091 251 1163 οὖν
273 1096 295 1180 ή
318 1099 453 1174 κόλασις
475 1109 544 1174 τοῖς
572 1098 612 1163 οὐ
640 1095 932 1184 προσδεχομένοις;
960 1100 997 1164 τὸ
1026 1097 1131 1175 οὕτως
1150 1111 1182 1160 22

113 1205 204 1289 ἔχειν
237 1204 282 1280 ῶς
314 1205 457 1289 ἔχουσιν.
513 1205 710 1290 δυσαρεστεῖ
739 1229 788 1282 τις
819 1213 864 1292 τῷ
897 1207 999 1290 μόνος
1029 1199 1130 1283 εἷναι;

70 1330 99 1370 10
113 1311 198 1374 ἔστω
222 1308 260 1374 έν
284 1308 410 1397 ἐρημίᾳ.
457 1310 655 1396 δυσαρεστεῖ
679 1335 729 1387 τις
751 1323 820 1388 τοῖς
847 1320 1019 1394 γονεῦσιν;
1047 1313 1130 1376 ἔστω

112 1417 214 1492 κακὸς
242 1415 318 1493 υίὸς
348 1414 402 1480 καλ
432 1419 606 1482 πενθείτω.
660 1417 857 1499 δυσαρεστεῑ
888 1428 957 1494 τοῖς
986 1416 1128 1496 τέκνοις;

112 1523 196 1586 ἔστω
220 1523 321 1598 κακὸς
342 1522 458 1607 πατήρ.
500 1520 591 1604 λβοίλε
615 1521 718 1588 αὐτὸν
742 1524 788 1598 είς
811 1523 985 1607 φυλακήν.’
1028 1526 1127 1588 ποίαν
1146 1537 1180 1586 23

111 1628 283 1713 φυλακήν;
312 1626 397 1692 ὅπου
420 1637 485 1693 νῦν
508 1626 607 1694 ἐστιν.
654 1629 743 1692 ἄκων
766 1629 829 1713 γάρ
854 1626 956 1694 ἐστιν·
985 1629 1069 1695 ὅπου
1093 1627 1133 1694 δέ

111 1758 163 1811 τις
181 1735 272 1798 ίίκωυ
301 1731 407 1817 ἐστίν,
436 1732 543 1798 έκεῖνο
571 1735 704 1818 φυλακή
728 1733 816 1822 αὐτῷ
842 1732 919 1798 ἐστι.
965 1735 1051 1798 καθὸ
1075 1732 1130 1798 καὶ

74 1861 99 1900 ιτ
113 1840 296 1926 Σωκράτης
319 1838 381 1905 οὐκ
404 1834 447 1923 ήν
470 1838 506 1905 έν
529 1845 678 1924 φυλακή,
706 1837 790 1904 ἑκὼν
814 1841 877 1924 γὰρ
905 1835 956 1924 ήν.
1004 1839 1129 1918 ’σκέλος
1147 1856 1182 1905 24

112 1941 177 2012 οὖν
200 1970 258 2030 μοι
277 1943 435 2029 γενέσθαι
452 1944 719 2031 πεπηρωμένον;’
743 1945 969 2030 ἀνδράποδον,
992 1942 1061 2012 εἶτα
1082 1944 1126 2012 δι’

112 2054 150 2118 ἓν
174 2053 374 2137 σκελύδριον
393 2059 439 2140 τῷ
459 2055 571 2140 κόσμῳ
591 2051 752 2136 ἐγκαλεῖς;
777 2052 839 2118 οὐκ
857 2051 1030 2129 έπιδῶσεις
1049 2052 1128 2118 αὐτὸ

110 2171 182 2236 ’τοῖς
210 2159 315 2236 ὄλοις;
346 2156 408 2224 οὐκ
436 2157 618 2244 ἀποστήσης
654 2159 694 2224 οὐ
725 2163 851 2244 χαίρων
881 2162 1129 2245 παραγωρήσεις

112 2275 158 2354 τῷ
183 2267 356 2342 δεδωκότα
380 2263 625 2352 ζάγανακτήσεις
648 2261 685 2332 δὲ
708 2263 763 2330 καὶ
782 2267 1037 2351 δυσαρεστήσεις
1059 2278 1128 2344 τοῖς
1146 2281 1180 2330 25

74 2391 98 2430 ν
112 2373 178 2438 ὑπὸ
211 2379 272 2438 τοῦ
304 2372 388 2447 Διὸς
421 2369 704 2456 διατεταγμένοις,
741 2371 761 2436 δ
794 2370 919 2448 ἐκεῖνος
950 2371 1030 2454 μετὰ
1061 2383 1128 2436 τῶν

112 2481 257 2564 Μοιρῶν
287 2487 466 2562 παρουσῶν
498 2479 554 2541 καὶ
592 2475 852 2543 ἐπικλωθουσῶν
890 2493 951 2541 σου
984 2477 1045 2560 τὴν
1077 2475 1129 2559 γέ-

111 2600 206 2650 νεσιν
241 2584 362 2669 ὥρισεν
391 2581 446 2648 καὶ
474 2581 634 2661 διέταξεν;
664 2584 726 2649 οὐκ
749 2578 861 2667 οἶσθα,
890 2583 1007 2666 ήλίκον
1029 2581 1128 2669 μέρος
1146 2600 1180 2649 26

188 2801 221 2848 17
235 2811 295 2862 sqq.
315 2792 350 2847 cf.
364 2792 452 2848 Ench.
467 2799 509 2860 31,
527 2801 554 2848 1:
574 2793 605 2847 τὸ
619 2795 777 2848 πείθεσθαι
791 2793 887 2856 αὐτοῖς
900 2794 949 2862 (se.
965 2799 1023 2856 τοῖς
1036 2796 1127 2858 θεοῖς)

111 2865 161 2920 καλ
181 2866 269 2920 εἴκειν
287 2871 358 2918 πᾶσι
375 2869 434 2926 τοῖς
451 2861 610 2933 γινομένοις
632 2864 681 2918 καλ
699 2864 869 2918 ἀκολουθεῖν
889 2858 990 2918 ἕκόντα
1018 2863 1055 2926 ὡς
1073 2863 1128 2919 ὑπὸ

111 2943 161 3005 τῆς
187 2936 302 3007 ἀρίστης
326 2935 438 3004 γνώμης
457 2929 686 3004 ἐπιτελουμένοις.
718 2965 746 2974 -
777 2933 879 3004 fragm.
897 2935 935 2989 lv
955 2935 1032 3003 apud
1050 2935 1127 2990 Stob.

111 3007 164 3062 ecl.
183 3007 218 3075 II,
233 3014 258 3076 8,
274 3011 320 3061 30:
344 3003 477 3074 (Ῥούφου
500 3001 532 3060 έκ
554 3013 609 3060 τῶν
625 3003 792 3073 Ἐπικτήτου
811 3004 876 3075 περί
895 3008 1000 3075 φιλίας)
1025 3007 1128 3060 οὐκοῦν

111 3078 160 3133 καλ
179 3077 254 3148 ἡμᾶς
277 3075 447 3146 συμψήφους
469 3076 521 3147 χρή
545 3081 582 3148 τῷ
605 3080 666 3147 θεῷ
688 3074 824 3146 γενέσθαι
847 3076 896 3130 καὶ
914 3076 1001 3148 ταύτῃ
1020 3075 1128 3131 διελόν-

110 3169 162 3212 τας
180 3147 216 3202 τδι
234 3147 385 3218 πράγματα
399 3155 455 3201 τῶν
468 3147 519 3217 μὲν
535 3142 583 3216 ἐφ’
599 3146 666 3216 ἡμῖν
681 3147 774 3201 πάντα
788 3144 893 3218 τρόπον
907 3148 1126 3215 ἀντιποιεῖσθαι,

110 3220 146 3274 τὰ
170 3219 203 3274 δὲ
223 3219 260 3290 μή
280 3213 328 3286 ἐφ’
349 3216 416 3287 ήμῖν
440 3213 591 3289 ἐπιτρέψαι
613 3224 651 3290 τῷ
670 3218 762 3291 κόσμῳ
792 3217 841 3272 καλ
865 3220 919 3272 εἴτε
943 3227 997 3272 τῶν
1016 3220 1126 3272 παίδων

111 3289 215 3358 δέοιτο,
235 3291 290 3344 είτε
309 3295 358 3358 τῆς
375 3291 518 3358 πατρίδος,
539 3291 593 3344 εἴτε
608 3289 804 3359 τοῦσώματος,
824 3291 878 3344 είτε
897 3289 1024 3358 ὁτουοῦν,
1042 3289 1128 3359 ἀσμέ-

111 3382 167 3425 νως
184 3366 374 3431 παραχωρεῖν.

185 3563 199 3612 7
220 3553 357 3624 δέχεσθαι
376 3555 397 3610 S
414 3558 455 3624 (ετ
472 3556 587 3624 sortasse
606 3557 637 3610 ιἰι
655 3558 722 3623 κατ.)
