2636 3922
125 241 128 252 ,
190 176 234 240 94
332 179 516 231 Δεειεκον
533 178 608 236 των
626 181 845 231 mmm
861 179 1057 232 Aufffflsm

189 350 257 404 τῶν
279 342 476 425 φιλοσόφων
499 345 534 404 τί
554 337 712 424 λέγουσιν
734 339 754 424 ἢ
778 345 813 406 τί
831 352 997 408 ποιοῦσιν.
1043 343 1125 427 άφες
1148 341 1208 407 αύ-

136 457 169 506 2⁷
189 445 269 512 τόν.’
306 443 377 510 ἀλλ’
406 444 533 523 Ἔξελθε
556 446 657 512 πάλιν
676 445 740 511 άπὸ
758 455 817 530 τῆς
834 437 1006 532 φυλακῆς]
1044 449 1075 512 εί
1092 446 1208 532 μηκέτι

190 555 305 638 χρείαν
328 549 424 636 έχητέ
443 575 508 636 μου
533 551 569 616 έν
592 561 631 637 τῇ
654 556 798 638 φυλακῇ,
826 550 1011 640 ἐξέρχομαι·
1039 553 1082 619 δν
1105 554 1208 619 πάλιν

137 668 171 717 28
191 666 305 744 σχῆτε,
336 659 583 743 εἰσελεύσομαι·
629 657 724 744 μέχρι
756 664 862 738 τίνος;
895 658 1008 746 μέχρις
1039 659 1082 726 ἂν
1114 655 1156 726 οὗ
1189 660 1208 726 δ

191 767 289 848 λόγος
311 765 388 850 αίρῇ
412 767 567 830 συνεῖναί
582 787 622 849 με
639 774 685 852 τῷ
706 770 870 854 σωματίῳ·
894 764 976 832 όταν
995 763 1033 832 δὲ
1052 768 1097 851 μὴ
1117 768 1208 852 αίρῂ,
1238 788 1253 828 ε

137 881 171 930 29
190 871 306 953 λάβετε
343 869 424 936 αὐτὸ
460 868 516 934 καί
551 870 727 952 ὑγιαίνετε.
787 875 893 954 μόνον
930 874 974 956 μὴ
1012 871 1208 957 ἀλογίστως,

190 980 295 1060 μόνον
324 977 369 1061 μὴ
392 980 561 1059 μαλακῶς,
588 977 633 1061 μὴ
661 975 697 1042 έκ
724 986 781 1061 τῆς
808 978 972 1064 τυχούσης
999 971 1207 1064 προφάσεως.

189 1083 291 1148 πάλιν
309 1083 373 1166 γάρ
393 1082 411 1148 ὁ
429 1084 510 1158 θεὸς
528 1083 569 1148 ού
587 1085 755 1166 βούλεται·
776 1089 891 1170 χρείαν
910 1085 974 1171 γάρ
994 1087 1059 1170 ἔχει
1078 1087 1207 1169 κόσμου

191 1190 356 1270 τοιούτου,
379 1198 446 1251 τῶν
470 1184 523 1252 ἐπὶ
546 1196 607 1272 γῆς
624 1187 926 1275 ἀναστρεφομένων
944 1191 1115 1256 τοιούτων.
1148 1189 1208 1256 ἐὰν

192 1290 230 1359 δέ
248 1295 378 1379 σημηνη
396 1294 433 1358 τὸ
453 1291 672 1378 ἀνακλητικὸν
690 1296 736 1372 ὡς
753 1305 799 1384 τῷ
818 1297 1001 1382 Σωκράτει,
1024 1300 1208 1362 πείθεσθαι
1225 1321 1253 1359 ιο

192 1401 245 1464 δεῖ
262 1401 311 1486 τῷ
334 1403 529 1484 σημαίνοντι
552 1401 597 1477 ὡς
620 1411 799 1492 στρατηγῶ.

138 1518 173 1565 80
262 1509 306 1571 Τί
330 1501 409 1585 ούνς·
436 1504 544 1590 λέγειν
568 1508 622 1572 δεῖ
641 1518 743 1573 ταῦτα
772 1511 855 1591 πρὸς
877 1512 956 1586 τοὺς
977 1509 1137 1587 πολλούς;
1165 1547 1206 1555 -

138 1624 171 1672 31
183 1612 257 1678 Ἵνα
283 1617 329 1691 τίς
359 1611 401 1678 ού
424 1613 487 1699 γάρ
511 1612 607 1698 άρκεί
625 1616 664 1679 τδ
694 1614 797 1680 αύτὸν
820 1618 1014 1692 πείθεσθαις
1044 1625 1114 1690 τοῖς
1141 1615 1206 1698 γὰρ

191 1721 352 1801 παιδίοις,
380 1717 461 1785 όταν
484 1723 715 1803 προσελθόντα
737 1728 837 1804 κρατῇ
861 1718 917 1785 καὶ
940 1719 1019 1806 λέγη
1048 1719 1208 1805 “σημερον

192 1827 402 1912 Σατορνάλια
420 1824 556 1910 ἀγαθά,
579 1824 719 1910 λέγομεν
743 1826 816 1892 εούκ
835 1829 925 1891 ἔστιν
945 1825 1057 1909 ἀγαθά
1074 1825 1206 1904 ταῦτα’;
1224 1848 1253 1888 ιε
1306 1899 1307 1910 ,

139 1941 173 1991 εν
192 1933 359 2016 οὐδαμῶς·
379 1929 536 1997 ἀλλὰκαὶ
555 1930 649 1997 αὐτοὶ
668 1933 914 2018 ἐπικροτοῦμεν.
946 1930 1002 1998 καὶ
1019 1934 1061 1998 σὺ
1078 1935 1208 2014 τοίνυν,

193 2037 273 2102 ὅταν
296 2040 492 2122 μεταπείσαί
509 2060 585 2101 τινα
612 2040 657 2121 μὴ
681 2039 782 2124 δύνη,
809 2044 972 2122 γίγνωσκε
996 2038 1047 2103 ὅτι
1069 2039 1207 2102 παιδίον

93 2157 97 2163 ’
194 2142 262 2209 έστδ
280 2142 335 2208 καὶ
354 2142 517 2227 έπικρότει
536 2142 640 2229 αύτῷ·
664 2143 706 2208 ἂν
730 2142 766 2208 δὲ
785 2148 830 2228 μη
848 2152 946 2210 τοῦτο
964 2141 1079 2230 θέλης,
1098 2145 1207 2209 σιώπα

193 2254 320 2316 λοιπόν.
382 2261 383 2264 ’

141 2367 174 2416 33
265 2356 400 2422 Τούτων
424 2357 478 2421 δεῖ
498 2362 688 2441 μεμνῆσθαι
710 2354 765 2421 καὶ
787 2354 954 2440 κληθέντα
972 2362 1020 2432 είς
1042 2380 1117 2421 τινα
1139 2379 1207 2422 τοι·
1224 2381 1254 2420 το

194 2465 298 2549 αύτην
321 2466 514 2550 περίστασιν
538 2460 675 2546 εἰδέναι,
703 2461 753 2526 ὅτι
781 2461 946 2547 ἐλήλυθεν
969 2462 988 2528 δ
1009 2463 1125 2547 καιρὸς
1147 2471 1208 2528 τοῦ

140 2552 175 2629 84
194 2571 364 2649 ἀποδείξαι
396 2572 427 2636 εί
461 2571 720 2653 πεπαιδεύμεθα.
774 2566 849 2645 νέος
885 2569 948 2652 γάρ
985 2567 1050 2634 άπὸ
1088 2574 1209 2654 σχολῆς

195 2676 301 2742 άπιῶν
319 2678 367 2753 είς
384 2679 577 2760 περίστασιν
595 2673 710 2760 ὅμοιός
728 2675 797 2740 ἐστι
815 2683 860 2763 τῷ
881 2677 1112 2759 μεμελετηκότι
1129 2678 1209 2739 συλ-

195 2784 374 2866 λογισμούς
397 2779 565 2847 ἀναλύειν.
610 2783 673 2846 κάν
696 2805 746 2859 τις
768 2781 911 2847 εὔλυτον
931 2779 1020 2868 αύτῶΙ
1038 2783 1209 2867 προτείνῃ,

195 2885 287 2969 λέγει
317 2887 456 2971 ’μᾶλλόν
490 2910 546 2971 μοι
578 2885 805 2972 πεπλεγμένον
836 2896 973 2971 κομψῶς
1002 2888 1209 2971 προτείνατε,
1225 2909 1251 2949 τε

195 3013 407 3022 -ι--ιη-ι-

267 3085 372 3146 16εηη.
396 3078 482 3132 Ench.
498 3085 541 3147 46,
561 3087 591 3133 2:
614 3077 669 3132 κᾶν
692 3079 757 3148 περὶ
774 3077 958 3150 θεωρήματός
980 3097 1056 3140 τινος
1079 3072 1110 3132 έν
1130 3075 1208 3131 ίδιό-
1302 3139 1303 3147 ,

195 3170 256 3212 ταις
275 3147 396 3221 έμπίπτη
416 3148 503 3218 λόγος,
523 3149 614 3204 σιώπα
632 3149 664 3204 τὸ
682 3149 761 3204 πολύ.

267 3227 301 3276 20
311 3238 371 3288 sqq.
386 3220 472 3274 Ench.
488 3228 530 3287 51,
545 3227 574 3275 2:
594 3218 649 3275 κᾶν
663 3254 677 3261 -
689 3242 717 3275 τι
735 3253 748 3261 -
761 3253 774 3262 -
788 3254 802 3262 -
820 3217 1003 3289 προσάγηται,
1022 3217 1146 3290 μέμνησο
1166 3219 1210 3274 ότι

195 3298 248 3344 νῦν
267 3289 283 3344 δ
301 3291 378 3359 ἀγὼν
396 3290 446 3343 καὶ
463 3289 518 3359 ἤδη
537 3289 655 3358 πάρεστι
672 3292 708 3346 τά
723 3289 869 3361 Ὀλύμπια.

196 3401 409 3410 ——--———-··--

269 3464 412 3535 ῶέχετεε
442 3467 452 3533 ΙΙ
486 3470 518 3518 18
535 3464 620 3534 θέληι
638 3468 672 3522 S:
693 3483 759 3521 των.
784 3468 865 3534 Wolf
891 3469 900 3537 ΙΙ
932 3473 966 3520 22
985 3465 1100 3526 κέωιῧ.
1131 3469 1141 3534 ΙΙ
1174 3473 1208 3522 23
1237 3457 1241 3462 ’

196 3537 313 3603 fortasse
332 3535 427 3604 όμοιος
446 3534 513 3591 ἔστω
544 3541 554 3604 ΙΙ
586 3541 620 3590 24
639 3537 754 3592 εὔλυτον
773 3537 873 3594 &th
892 3536 1049 3606 εύλογονδΙ
