2630 3928
122 218 326 274 (1,10‚·1-11,8)
396 207 550 262 ΒΙΒΔΙΟΝ
567 207 726 261 ΠΡΩΤΟΝ.
756 207 789 263 ι’.
810 207 860 261 ια’.
1096 207 1139 271 39

375 544 433 612 ια’.
467 546 567 632 Περὶ
594 551 890 632 φιλοστοργίας.

187 686 420 774 Ἀφικομένου·
442 687 482 754 δέ
504 713 603 767 ’τινος
634 691 718 772 πρὸς
750 688 852 754 αὐτὸν
884 699 951 754 τῶν
984 688 1021 754 ἐν
1052 688 1172 755 τέλειε

45 831 49 838 ·
119 797 317 880 πυθόμενος
339 793 416 879 παρ’
439 795 543 862 αὐτοῦ
562 795 602 860 τδι
619 793 671 860 ἐπὶ
690 793 812 879 μέρους
834 794 1015 880 ἠρώτησεν,
1033 798 1065 861 εί
1083 794 1138 861 καὶ

119 903 221 967 τέκνα
239 907 290 986 είη
305 903 394 989 αὐτῷ
412 900 467 967 καὶ
481 904 576 986 γυνή.
620 909 680 967 τοῦ
700 898 730 966 δ’
754 902 1019 986 ὁμολογήσαντος
1036 919 1137 987 προσ-
1156 919 1172 967 2

91 1009 281 1088 ιεπύῦετο·
313 1019 382 1086 πῶς
408 1032 440 1073 τι
468 1003 531 1074 οὖν
554 1017 615 1094 χρῇ
639 1017 685 1094 τῷ
707 1008 888 1092 πράγματα
918 1045 959 1056 --
985 1006 1137 1093 Ἀθλίοις,

119 1117 194 1199 ἔφη.
227 1152 272 1162 -
305 1112 371 1178 Καὶ
401 1114 451 1192 ὅς·
487 1117 562 1180 τίνα
594 1117 733 1197 τρόπους
772 1115 813 1181 ού
845 1115 908 1198 γδρ
941 1116 982 1198 δὴ
1015 1116 1171 1182 τούτου3

117 1220 216 1286 ἕνεκα
244 1229 409 1304 γαμοῦσιν
436 1222 611 1304 ἅνθρωποι
637 1217 693 1286 καὶ
725 1223 1018 1306 παιδοποιοῦνται,
1048 1221 1136 1299 ὅπως

117 1328 236 1392 ἄθλιοι
260 1321 353 1410 ὦσιν,
381 1327 464 1392 άλλδ
487 1331 615 1411 μάλλον
638 1327 726 1405 ὅπως
750 1327 955 1412 εὐδαίμονες.
982 1364 1020 1375 -
1043 1326 1131 1393 Ἀλλ’
1154 1345 1171 1392 4

118 1433 202 1517 ἐγώ,
226 1435 305 1518 ἔφη,
329 1433 434 1511 οὕτως
456 1433 583 1510 ἀθλίως
605 1435 668 1518 ἔχοι
691 1431 768 1518 περὶ
790 1435 830 1498 τδι
852 1435 1029 1519 παιδάρια,
1053 1435 1135 1500 ὥστε

76 1563 103 1602 ιο
117 1536 236 1628 πρῴην
268 1542 450 1616 νοσοῦντός
481 1562 546 1624 μου
578 1548 639 1604 τοῦ
660 1543 860 1622 ,θυγατρίου
889 1538 945 1606 καὶ
978 1539 1136 1618 δόξαντος

116 1646 331 1712 κινδυνεύειν
365 1645 427 1730 οὐχ
463 1642 625 1729 ὑπέμεινα
659 1641 739 1710 οὐδὲ
773 1657 927 1729 παρεῖναι
959 1646 1047 1734 αὐτῷ
1079 1671 1135 1713 νο-

117 1763 249 1834 σοῦντι,
276 1752 395 1836 φυγὼν
418 1749 449 1816 δ’
476 1749 620 1840 ᾠχόμην,
643 1749 757 1837 μέχρις
780 1747 821 1817 οὗ
843 1751 1067 1836 προσηγγειλέ
1086 1776 1135 1830 τις

116 1882 174 1944 μοι
199 1858 251 1923 ὅτι
274 1860 339 1942 ἔχει
367 1863 484 1934 καλῶς.
511 1895 548 1938 ÷
579 1861 622 1922 Τί
646 1853 723 1936 οὖν;
754 1859 866 1942 ὀρθῶς
893 1861 996 1945 φαίνη
1024 1869 1169 1947 σαντῷο

116 1975 221 2030 ταῦτα
244 1962 471 2048 πεποιηκέναις
505 1957 543 2014 ὲ-
578 1967 748 2048 Φυσικῶς,
778 1967 850 2050 ἔφη.
881 2002 919 2012 -
946 1962 1046 2030 Ἀλλδ
1069 1967 1135 2050 μην

79 2092 105 2133 15
118 2073 218 2138 τοῦτό
242 2089 282 2154 με
304 2081 435 2154 πεῖσον,
457 2071 533 2154 ἔφη,
557 2071 610 2155 σύ,
634 2072 720 2136 διότι
744 2081 907 2155 φυσικῶς,
930 2070 986 2137 καὶ
1009 2069 1073 2154 ἐγώ
1097 2089 1133 2137 σε

117 2181 240 2261 πείσω,
270 2176 320 2242 ὅτι
347 2186 414 2240 πᾶν
437 2179 474 2242 τὸ
502 2176 583 2242 κατὰ
613 2177 716 2261 φύσιν
739 2180 918 2262 γινόμενον
946 2180 1057 2263 ὀρθῶς
1084 2182 1134 2262 γί-

116 2307 220 2350 νεται.
242 2319 281 2330 -
307 2285 423 2366 Τοῦτο,
446 2285 520 2368 ἔφη,
542 2282 663 2360 πάντες
681 2283 701 2367 ἣ
721 2285 809 2368 οἵγε
831 2288 979 2350 πλεῖστοι
997 2283 1135 2369 πατέρες
1153 2301 1168 2348 6

116 2389 298 2475 πάσχομεν.
332 2424 370 2436 -
405 2382 487 2453 Οὐδ’
514 2387 578 2471 ἐγώ
609 2404 662 2456 σοι
691 2388 869 2473 ἀντιλέγω,
900 2392 979 2474 ἔφη,
1011 2389 1062 2454 ὅτι
1092 2391 1133 2456 οὐ

116 2499 262 2580 γίνεται,
284 2497 322 2560 τὸ
346 2491 376 2559 δ’
404 2493 718 2579 ἀμφισβητούμενον
740 2495 821 2579 ἡμῖν
844 2492 951 2560 ἐκεῖνό
975 2493 1080 2579 ἐστιν,
1102 2499 1135 2560 εί

76 2626 102 2664 εο
117 2602 240 2686 ὀρθῶς.
265 2663 267 2668 ,
295 2599 364 2666 ἐπεὶ
396 2601 517 2666 τούτου
553 2624 590 2684 γε
627 2600 721 2666 ἕνεκα
757 2598 812 2666 καὶ
843 2601 883 2665 τδ
915 2602 1049 2685 φύματα
1081 2603 1167 2667 δεῖ7

117 2706 230 2790 λέγειν
253 2703 302 2772 ἐπ’
330 2706 448 2795 άγαῦηῦ
472 2710 627 2790 γίνεσθαι
649 2717 710 2773 τοῦ
734 2709 893 2792 σώματος,
921 2707 971 2772 ὅτι
995 2711 1132 2791 γίνεται,

116 2812 173 2878 καὶ
196 2812 308 2891 ἁπλῶς
326 2816 363 2879 τὸ
382 2811 583 2897 ἁμαρτάνειν
601 2809 688 2879 εἶναι
705 2814 787 2878 κατά
806 2814 921 2898 φύσιν,
944 2814 996 2880 ὅτι
1013 2815 1132 2894 πάντες

117 2921 240 3006 σχεδὸν
258 2920 278 3005 ἢ
303 2921 391 3004 οἵγε
411 2924 559 2985 πλεῖστοι
578 2918 819 3005 ἁμαρτάνομεν.
865 2919 975 2998 δεῖξον
993 2917 1056 2988 οὖν
1074 2947 1131 3007 μοι
1150 2938 1165 2986 8

117 3027 172 3109 σύ,
194 3037 264 3103 πῶς
286 3027 369 3092 κατὰ
391 3027 495 3110 φύσιν
514 3025 614 3091 ἐστίν.
633 3063 674 3074 -
697 3026 748 3091 Ού
771 3027 928 3111 δύναμαι,
951 3030 1028 3112 έφη·
1048 3027 1132 3094 ἀλλὰ

77 3152 103 3192 25
117 3133 162 3197 σύ
184 3156 242 3216 μοι
265 3139 392 3217 μᾶλλον
416 3132 538 3216 δεῖξον,
561 3143 630 3210 πῶς
653 3131 715 3198 οὐκ
738 3136 806 3198 ἔστι
829 3133 910 3198 κατά
931 3135 1035 3218 φύσιν
1054 3132 1125 3200 οὐδ’

190 3400 222 3448 12
242 3396 340 3464 φυγὼν
359 3395 405 3457 ἃς
424 3377 483 3466 φνγῐ
502 3396 524 3452 S
544 3398 553 3465 ΙΙ
577 3403 608 3450 13
629 3396 719 3467 φαίνῃ
733 3414 759 3452 s:
778 3395 868 3463 φαίνει
887 3397 909 3452 S
929 3399 938 3466 ΙΙ
964 3401 995 3450 19
1015 3395 1129 3451 lstberae

114 3466 147 3520 τὸ
165 3462 194 3518 δ’
215 3466 342 3539 διμφιοβη
366 3469 481 3536 fortasse
503 3469 535 3522 ι’νι
557 3484 659 3522 rasura
690 3469 698 3536 ΙΙ
731 3471 765 3521 20
785 3462 846 3522 ἐπεὶ
865 3467 911 3528 διε
935 3461 1030 3522 έπέδ
1059 3472 1068 3534 ΙΙ
1100 3486 1130 3535 γε

116 3553 240 3645 80:3¹8
