2608 3928
100 196 151 245 (ur.
162 199 231 250 vm,
240 193 284 246 1x)
493 187 721 240 FRAGMENTA.
1049 185 1114 250 409

98 347 201 412 animi
238 348 331 432 (quos
368 351 552 431 φαντασίας
577 347 755 430 philosophi
785 349 966 432 appellaui),
999 347 1116 432 quibus

98 476 191 519 mens
214 452 357 518 hominis
384 454 490 539 prima
518 453 631 518 statim
659 454 765 540 specie
789 454 963 520 accidentis
988 455 1028 519 ad
1050 454 1115 518 ani·

99 583 190 626 mum
208 560 256 625 rei
268 559 411 646 pellitur,
429 581 495 624 non
514 560 693 626 voluntatis
714 565 790 626 sunt
807 559 917 646 nequo}
935 560 1117 646 arbitraria,

101 668 157 732 sed
171 667 203 732 vi
218 667 356 752 quadam
372 689 431 732 suu
452 666 597 732 inferunt
617 690 688 732 sese
706 666 893 733 hominibus
912 667 1116 754 noscitundo3

55 799 87 838 ro
101 773 311 859 probationes
331 777 441 838 cutem
460 779 554 856 (quos
575 771 832 857 συγκαταθέσεις
849 774 980 858 αοτααί),
1000 774 1118 858 quibus
1138 793 1171 841 16

103 881 214 945 eadem
237 880 308 944 visu
336 884 529 965 noscuntur,
558 879 760 946 voluntariae
789 884 866 944 sunt
893 881 1040 965 fiuntque
1061 881 1118 944 ho-

102 987 227 1051 minum
251 986 421 1051 arbitratu.
457 991 630 1072 propterea
649 1008 722 1052 cum
746 1008 845 1052 sonus
869 987 986 1070 aliquis
1009 987 1171 1056 sormi-1⁷

104 1093 221 1158 dabilis
249 1097 306 1157 aut
333 1093 422 1157 caelo
451 1096 508 1157 aut
536 1114 574 1156 ex
597 1093 692 1157 ruina
719 1097 776 1158 aut
798 1094 986 1179 repentinus
1009 1094 1119 1159 neseio

105 1199 195 1266 ouius
227 1199 363 1284 periculi
395 1199 529 1263 nuntius
562 1200 614 1264 vel
648 1200 727 1284 quid
759 1200 847 1265 aliud
879 1205 929 1266 est
961 1200 1121 1265 eiusmodi

63 1331 89 1371 rs
103 1307 237 1390 factum,
261 1305 417 1391 sapientis
442 1327 569 1390 quoque
591 1306 735 1371 animum
753 1307 918 1392 paulisper
941 1307 1064 1372 moveri
1087 1311 1121 1371 et

104 1412 254 1479 contrahi
273 1415 307 1476 et
324 1411 500 1495 pallescere
523 1433 693 1476 necessum
715 1417 775 1498 est,
797 1434 863 1477 non
889 1413 1042 1497 opinione
1065 1413 1121 1477 ali·

105 1520 196 1585 cuius
219 1518 297 1582 mali
320 1521 507 1603 praecepta,
535 1519 591 1583 sed
614 1517 808 1601 quibusdam
831 1518 975 1583 motibus
999 1519 1120 1605 rapidis

105 1631 138 1691 et
163 1625 358 1691 inconsultis
397 1624 542 1690 officium
579 1623 698 1689 mentis
736 1628 833 1707 utque
865 1624 1002 1690 rationis
1031 1649 1121 1711 prae-

105 1730 318 1797 vertentibus.
363 1752 440 1796 mox
462 1735 572 1795 temen
599 1730 655 1794 ille
679 1729 807 1815 sopiens
830 1729 952 1795 ibidem
974 1732 1032 1807 τὰς
1054 1754 1121 1796 τοι·
1143 1753 1174 1801 18

66 1863 92 1901 ro
107 1838 208 1916 αύτας
225 1841 411 1923 φαντασίας
433 1837 484 1920 (ld
505 1842 549 1902 est
570 1839 639 1903 uisa
660 1838 753 1902 istaec
775 1838 876 1902 animi
898 1838 949 1902 sui
971 1839 1121 1921 terrifica)

105 1966 172 2009 nou
200 1944 359 2030 adprobat
384 1941 453 2030 (hoo
479 1949 523 2009 est
549 1943 590 2009 οὐ
618 1937 893 2028 συγκατατίθεται
917 1939 998 2010 οὐδὲ
1020 1960 1121 2030 προσ-

106 2049 312 2137 iussorum),
340 2051 395 2115 sed
420 2051 520 2116 abicit
543 2051 731 2136 respuitque
758 2073 818 2116 nec
851 2052 881 2116 ei
912 2052 1122 2116 metuendum

106 2179 175 2222 esse
208 2157 243 2220 in
274 2155 326 2220 his
360 2155 533 2239 quicquum
562 2156 698 2221 videtur.
744 2160 842 2239 atque
873 2156 936 2221 hoc
963 2157 1049 2222 inter
1074 2157 1121 2221 in-
1143 2180 1173 2228 lo

106 2263 254 2365 sipientis
279 2261 499 2346 sapientisque
523 2262 667 2327 animum
689 2261 799 2326 differe
823 2262 943 2347 dicunt,
967 2265 1053 2347 quod
1075 2264 1122 2328 in-

66 2392 92 2432 is
107 2348 243 2454 sipiens,
271 2369 380 2453 qualis
408 2369 469 2434 sibi
500 2392 570 2435 esse
597 2370 702 2455 primo
731 2369 832 2434 enimi
859 2369 910 2434 sui
932 2370 1030 2454 pulsu
1052 2369 1122 2434 viso

107 2482 183 2566 sunt
207 2499 303 2541 saevo
325 2480 358 2541 et
381 2497 509 2561 aspero,
535 2476 616 2540 talia
644 2498 713 2541 esse
736 2497 813 2541 vero
836 2480 932 2560 putot
955 2480 988 2539 et
1011 2476 1122 2540 eadem

105 2584 249 2669 incepta,
272 2587 440 2666 tamquam
464 2581 493 2647 si
515 2583 584 2647 iure
607 2583 782 2647 metuenda
805 2583 884 2667 sint,
912 2604 972 2646 suo
994 2603 1122 2666 quoque

107 2688 299 2756 adsensione
332 2689 491 2774 adprobat
522 2687 577 2754 καὶ
610 2687 903 2772 “τροσεαιὸοξαίζεί
936 2688 1010 2772 (loo
1040 2692 1122 2754 culm

107 2798 194 2862 corbo
231 2796 340 2879 Stoici,
376 2816 446 2861 cum
482 2816 575 2878 super
609 2797 671 2860 isto
701 2817 735 2860 rc
766 2797 932 2873 disserunt,
968 2797 1122 2879 utuntur).
1141 2817 1175 2865 ro

66 2923 93 2963 so
108 2903 237 2988 sapiens
261 2908 384 2988 autem,
412 2925 485 2968 oum
508 2902 651 2966 breviter
674 2906 707 2967 et
730 2902 870 2968 strictim
894 2902 1002 2968 colore
1025 2907 1122 2988 atque

106 3010 200 3074 vultu
224 3013 332 3074 motus
356 3013 415 3094 est,
438 3008 479 3074 οὐ
502 3013 788 3092 συγκατατίθεται,
813 3010 869 3074 sed
893 3013 1015 3074 statum
1033 3009 1123 3096 vigo-

106 3137 238 3200 remque
262 3114 441 3181 sententise
465 3137 541 3179 suae
565 3114 694 3199 retinet,
717 3137 814 3200 quam
837 3115 877 3179 de
899 3114 1122 3180 huiuscemodi

179 3279 195 3328 8
215 3272 382 3327 arbitrariae
401 3273 492 3328 codols
511 3289 558 3326 em.
580 3272 611 3325 L.
632 3270 729 3327 Carrio
756 3274 765 3340 ΙΙ
793 3277 808 3326 9
827 3269 1012 3326 noscitundae
1031 3273 1120 3328 coddc

106 3363 154 3401 em.
169 3345 321 3401 Salmasius
343 3345 352 3412 l
377 3350 409 3398 13
428 3343 523 3397 neseio
538 3341 617 3396 euius
632 3344 673 3398 cd.
688 3343 890 3415 Gryphiswold.
906 3347 992 3398 1537:
1010 3342 1121 3397 nescius

106 3417 183 3473 ecco.
215 3417 226 3485 ll
259 3415 725 3471 instrumentumque.
744 3413 1052 3484 Qz(sec.Hemsom);
1071 3430 1121 3469 om.

106 3493 164 3543 cett.
197 3490 207 3556 u
240 3491 279 3612 {ig
292 3487 322 3539 et
340 3502 391 3540 om.
411 3487 486 3541 codd.
510 3483 561 3555 QZ
589 3487 598 3553 l
630 3491 663 3540 27
683 3487 829 3553 tamquam
848 3486 907 3540 edd.
927 3491 1004 3541 cett„-
1024 3501 1121 3553 quem-

106 3573 191 3626 quam
209 3574 239 3612 co
281 3597 287 3610 .
