2636 3922
121 184 151 240 (τ,
166 189 199 240 ει,
213 183 305 234 ιε-ιε)
420 173 572 227 BIBAION
590 173 748 226 ΠΡΩΤΟΝ.
772 172 834 228 κδ’.
1090 173 1133 237 97

120 332 197 422 περὶ
221 332 435 420 συνημμένου
458 336 549 411 τινὸς
575 333 771 420 ἐπικεκρίκει
798 331 853 400 καί
877 334 1032 402 ἐδεδώκει
1055 335 1136 402 ἀπό·

120 459 249 528 φανσιυ
272 441 321 507 ’τὸ
344 443 380 506 εί
401 440 525 526 ἡμέρα
549 439 648 525 ἐστί,
670 452 752 527 φῶς
769 440 868 525 ε’στι,
891 445 995 527 κρίνω
1012 443 1137 520 ψεῦδος

121 544 233 633 ελναι,’
252 552 288 614 τί
302 547 450 631 έγεγόνει
467 556 513 636 τῷ
528 545 743 634 συνημμένου
766 551 816 624 τίς
835 547 958 613 ἐνθάδε
976 551 1136 635 κρίνεται,

121 658 172 732 τίς
193 652 436 739 κατακέκριται;
459 655 497 718 τὸ
521 649 734 737 συνημμένον
751 652 772 737 ἢ
791 654 809 720 ὁ
828 651 1045 738 ἐξαπατηθείς
1061 652 1136 740 περὶ

92 761 244 841 5αὐτοῦ;
269 756 367 837 οὗτος
389 754 451 824 οὖν
469 762 523 836 ,τίς
544 780 623 824 ποτε
647 760 666 824 ὁ
690 761 775 844 ἔχων
798 758 951 837 ἐξουσίαν
974 770 1035 826 τοῦ
1057 759 1138 828 ἀπο·
1156 777 1190 826 52

122 870 302 952 φήνασθαί
320 889 353 931 τι
375 864 451 951 περὶ
474 873 550 943 σοῦ;
578 861 671 932 ολδεν
692 869 729 930 τί
748 863 818 930 ἐστι
839 867 877 931 τὸ
900 862 1034 951 εὐσεβὲς
1056 867 1077 950 ἦ
1099 869 1137 932 τὸ

123 972 254 1058 ἀσεβές;
274 969 492 1056 μεμελέτηκεν
509 971 606 1047 αὐτός
626 969 832 1054 μεμάθηκεν;
853 980 933 1050 ποῦς
952 973 1041 1056 παρά
1056 976 1138 1049 τίνι;

124 1074 194 1145 εἶτα
218 1080 378 1164 μουσικὸς
404 1073 465 1161 μὲν
488 1077 550 1143 οὐκ
577 1073 808 1161 ἐπιστρέφεται
830 1076 934 1144 αὐτοῦ
956 1077 1140 1162 ἀποφαινο-
1158 1095 1192 1143 53

125 1184 230 1270 μένου
259 1183 336 1271 περὶ
361 1193 419 1268 της
444 1184 546 1266 νήτης
573 1179 625 1248 ὅτι
655 1180 746 1247 ἐστὶν
772 1182 880 1268 ὑπάτη
908 1179 987 1249 οὐδὲ
1017 1207 1139 1269 γεωμε-

83 1315 111 1354 10
126 1294 250 1374 τρικός,
273 1289 316 1355 ἀν
337 1289 487 1375 έπικρίνη
510 1288 568 1364 τὰς
589 1285 655 1353 ἀπὸ
675 1286 816 1373 κέντρον
834 1290 917 1375 πρὸς
938 1291 998 1355 τὸν
1016 1291 1140 1356 κύκλον

123 1397 397 1481 προσπιπτούσας
419 1396 464 1479 μὴ
487 1389 573 1459 εἶναι
597 1399 683 1472 ἴσας·
707 1395 725 1461 ὁ
749 1391 787 1460 δὲ
804 1407 876 1472 ταῖς
894 1395 1067 1478 ἀληθείαις
1083 1418 1140 1462 πε·
1159 1412 1194 1460 54

124 1500 347 1587 παιδευμένος
360 1501 545 1586 ἀνθρώπου
559 1499 761 1566 ἀπαιδεύτου
778 1500 1058 1586 ἐπιστραφήσεται
1071 1499 1142 1567 ἐπι-

125 1611 301 1694 κρίνοντός
327 1629 360 1672 τι
386 1609 462 1692 περί
490 1606 587 1672 ὁσίου
614 1604 670 1670 καλ
697 1605 836 1673 ἀνοσίου
862 1606 918 1673 καὶ
945 1607 1064 1674 ἀδίκου
1087 1606 1143 1674 καὶ

126 1717 274 1792 δικαίους
300 1708 326 1777 ἀ
345 1718 469 1796 πολλῆς
487 1711 616 1788 ἀδικίας
632 1722 701 1777 τῶν
718 1712 1000 1798 πεπαιδευμένων.
1041 1722 1143 1780 ταῦτα

83 1841 113 1883 15
127 1815 192 1887 οὖν
215 1822 338 1904 ἔμαθες
362 1817 524 1902 ἐνταῦθα,

197 1925 248 1990 Οὐ
270 1922 383 2002 θέλεις
409 1923 450 1989 τὰ
472 1920 534 2009 μὲν
557 1923 696 2010 λογάρια
718 1924 758 1989 τά
780 1921 857 2010 περὶ
879 1926 1008 1991 τούτων
1030 1927 1144 2002 ἀλλοις
1162 1941 1196 1990 55

125 2031 279 2118 ἀφεῖναι,
315 2030 557 2115 ἀταλαιπώρως
589 2029 854 2117 ἀνθρωπαρίοις,
889 2029 935 2098 ἵν’
970 2031 1008 2097 έν
1039 2035 1145 2120 γωνίηι

108 2140 346 2226 ,καθεζόμενοι
374 2135 538 2222 μισθάρια
560 2137 775 2220 λαμβάνωσιν
802 2136 823 2221 ἢ
850 2138 1070 2222 γογγύζουσιν,
1093 2137 1145 2202 δτι

128 2240 243 2320 οὐδεὶς
262 2243 375 2320 αὐτοῖς
392 2240 528 2329 παρέχει
545 2240 660 2325 οὐδέν,
683 2245 725 2308 σὺ
744 2239 783 2308 δὲ
800 2250 948 2329 χρῆσθαι
965 2245 1146 2329 παρελθὼν

86 2374 115 2414 το
129 2341 181 2427 οἷς
211 2352 347 2434 έμαθες;
381 2349 422 2415 οὐ
454 2349 517 2435 γὰρ
550 2347 689 2433 λογάριά
719 2348 788 2414 ἐστι
817 2350 857 2414 τά
884 2352 1039 2415 λείποντα
1068 2359 1145 2432 νῦν,
1164 2368 1197 2415 55

129 2456 215 2522 ἀλλά
238 2452 331 2540 γέμει
348 2456 388 2520 τά
406 2458 520 2539 βιβλία
541 2465 610 2520 τῶν
632 2459 792 2520 Στωϊκῶν
814 2457 989 2541 λογαρίων.
1033 2457 1069 2519 τί
1084 2449 1147 2520 οὖν

130 2563 169 2628 τὸ
193 2565 310 2628 λείπόν
338 2560 443 2640 ἐστινς
472 2561 491 2627 δ
518 2563 738 2647 χρησόμενος,
765 2561 784 2627 ὁ
812 2563 898 2650 ἔργῳ
926 2561 1147 2646 μαρτυρήσων

130 2680 201 2745 τοῖς
228 2671 350 2751 λόγοις.
403 2670 502 2734 τοῦτό
534 2691 590 2752 μοι
621 2668 659 2733 τὸ
691 2668 872 2754 πρόσωπον
904 2665 1061 2751 ἀνάλαβε,
1091 2668 1149 2732 ἵνα
1167 2683 1200 2732 57

131 2772 248 2860 μηκέτι
274 2777 427 2850 παλαιοίς
453 2771 490 2838 έν
516 2781 556 2858 τῇ
585 2777 687 2859 σχολῇ
714 2774 957 2859 παραδείγμασι
979 2775 1148 2859 χρώμεθα,

89 2903 118 2944 τε
132 2878 218 2944 ἀλλὰ
245 2876 372 2963 έχωμέν
398 2901 431 2944 τι
463 2877 520 2944 καὶ
550 2876 627 2945 καθ’
663 2879 749 2963 ἡμᾶς
778 2879 996 2964 παράδειγμα.
1045 2891 1148 2947 ταῦτα
1167 2895 1200 2944 58

132 2980 196 3053 οὖν
223 2989 314 3062 τίνος
341 2982 409 3050 ἐστὶ
436 2991 595 3072 θεωρείν;
622 2994 684 3050 τοῦ
712 2985 937 3070 σχολάζοντος.
988 2989 1057 3052 ἔστι
1084 2986 1148 3071 γάρ

131 3089 347 3178 φιλοδέωρόν
373 3114 406 3156 τι
435 3094 520 3178 ζῷον
543 3091 561 3156 ὁ
585 3092 774 3177 ἅνθρωπος.
819 3091 892 3158 ἀλλ’
916 3095 1056 3179 αἰσχρόν
1078 3091 1148 3156 ἐστι
1167 3107 1200 3156 59

131 3205 277 3283 θεωρεῖν
300 3207 402 3263 ταῦτα
420 3197 526 3274 οὕτως
547 3197 592 3274 ὡς
615 3198 650 3263 οί
674 3195 846 3283 δραπέται·
875 3192 949 3264 ἀλλ’
970 3197 1150 3284 ἀπερισπά-

209 3467 243 3516 18
261 3460 449 3531 γογγράζωσιν
471 3459 503 3516 S:
530 3475 632 3515 eorm
672 3462 682 3528 ΙΙ
722 3465 754 3514 21
784 3458 855 3513 ἀλλά
882 3456 962 3529 γέμει
984 3459 1024 3515 ed.
1044 3459 1150 3513 Βαάλ..-

134 3530 207 3588 ἀλλδι
226 3529 257 3600 γε’
276 3531 364 3602 μοιβ
392 3535 402 3602 u
434 3538 468 3586 27
487 3551 514 3585 τι
532 3530 645 3600 scripsi:
663 3530 694 3585 ιδ
713 3530 748 3598 8,·
766 3531 818 3587 ἀτί.
837 3529 923 3588 Semo.

189 3632 335 3672 Ertomvs.
976 3623 991 3671 7
