2636 3930
173 168 238 232 240
319 169 502 229 ΑΡΡΙΑΝΟΥ
519 167 594 221 ΤΩΝ
611 167 829 219 ΕΠΙΚΤΗΤΟΤ
846 166 1040 221 ΔΙΑΤΡΙΒΩΝ

172 327 227 396 καὶ
255 327 396 394 έκκλίσει
430 328 605 407 ἀκωλύτως
632 325 908 414 ἀναστρέφεσθαι.
958 338 1055 395 τοῦτο
1085 324 1123 392 δέ
1157 331 1194 392 τί
1304 271 1305 350 ἔ

175 435 259 513 ἔστα
289 437 369 520 μήτε
397 435 599 520 ὀρεγόμενον
627 433 869 518 ἀποτυγχάνειν
891 432 964 520 μήτ’
993 434 1190 502 ἐκκλίνοντα

172 547 389 628 περιπίπτειν.
434 545 517 629 πρὸς
539 551 638 608 τοῦτο
661 536 724 608 οὖν
747 538 802 606 καὶ
824 543 886 625 την
909 543 1049 626 ἄσκησιν
1073 539 1191 629 ῥέπειν

138 664 154 713 5
174 649 234 714 δελ.
267 646 338 714 ἐπεὶ
356 649 418 736 γὰρ
438 648 500 714 οὐκ
518 650 609 714 ἔστιν
628 647 873 713 ἀναπότευκτον
892 657 984 732 σχεῖν
997 649 1058 731 την
1078 647 1192 730 ὄρεξιν

173 753 228 820 καὶ
251 756 312 840 τὴν
335 757 482 820 ἔκκλισιν
504 754 729 838 ἀπερίπτιοτον
754 754 834 819 ἀνευ
853 755 996 839 μεγάλης
1013 752 1068 819 καὶ
1092 769 1191 820 σννε-
1219 776 1233 816 τ
1305 809 1306 848 η

173 870 253 948 χοῦς
271 860 450 946 ἀσκήσεως,
471 866 544 926 ίσθι
563 859 625 944 ὅτι,
644 858 702 925 ἐὰν
722 858 783 938 ἔξω
802 859 901 945 έάσης
919 857 1192 946 ἀποστρέφεσθαι
1305 855 1306 874 ’

173 968 279 1052 αὐτὴν
302 966 356 1034 ἐπὶ
378 969 417 1034 τὰ
441 966 657 1052 ἀπροαίρετα,
685 966 761 1032 οὔτε
789 966 850 1050 τὴν
873 964 984 1052 ὄρεξιν
1011 965 1191 1033 ἐπιτευκτι-

141 1076 239 1158 6κην
267 1073 349 1153 ἔξεις
381 1075 458 1140 οὔτε
486 1075 547 1157 την
575 1073 722 1137 ἔκκλισιν
750 1071 985 1159 ἀπερίπτωτον.
1034 1070 1090 1138 καὶ
1118 1071 1192 1138 ἐπεὶ

174 1182 211 1246 τὸ
239 1183 319 1257 ἔθος
346 1182 485 1265 ἰσχυρὸν
518 1187 701 1265 προηγηται
737 1181 819 1262 πρὸς
853 1181 939 1263 μόνα
975 1189 1076 1245 ταῦτα
1104 1180 1192 1243 είθι-
1306 1215 1307 1268 3

175 1283 306 1369 σμένων
324 1286 419 1370 ἡμῶν
439 1291 584 1372 χρῆσθαι
603 1283 709 1371 ὀρέξει
730 1283 785 1350 καὶ
804 1284 958 1371 έκκλίσει,
981 1286 1034 1350 δεῖ
1052 1293 1097 1374 τῷ
1117 1287 1193 1350 ἔθει
1207 1308 1235 1348 ιο
1306 1287 1307 1292 ’

175 1392 282 1480 τούτῳ
306 1390 461 1456 ε’ναντίον
480 1395 560 1469 ἔθος
578 1390 766 1457 ἀντιθεῖναι
785 1389 840 1457 καὶ
859 1392 943 1458 ὅπου
963 1392 981 1458 ὁ
999 1395 1104 1468 πολὺς
1122 1392 1193 1457 ἀλι-

176 1503 260 1575 σθος
281 1508 349 1563 τῶν
371 1509 577 1583 φαντασιῶν,
600 1497 669 1564 ἐκεῖ
689 1496 894 1564 ἀντιτιθέναι
917 1500 954 1564 τὸ
978 1496 1165 1582 ἀσκητικόν.

142 1621 156 1668 7
237 1601 473 1691 Ἑτεροκλινῶς
490 1606 553 1690 ἔχον
575 1607 659 1691 πρὸς
680 1604 821 1688 ἡδονήν·
845 1603 1052 1690 ἀνατοιχησω
1076 1602 1129 1670 έπὶ
1153 1607 1192 1670 τὸ

176 1708 330 1777 ἐναντίον
353 1707 436 1795 ὑπέρ
459 1712 496 1776 τὸ
520 1708 641 1795 μέτρον
663 1718 721 1793 τῆς
743 1709 910 1792 ἀσκήσεως
935 1709 1038 1776 ἕνεκα.
1085 1709 1193 1775 ἔκκλι-

176 1828 273 1894 τικῶς
297 1820 361 1903 ἔχω
383 1820 505 1884 πόνου·
528 1819 634 1903 τρίφιο
653 1839 717 1901 μου
736 1815 789 1881 καὶ
809 1817 968 1902 γομνάσοο
987 1819 1070 1903 πρὸς
1092 1827 1191 1883 τοῦτο
1207 1838 1233 1879 15

142 1938 158 1987 8
177 1922 234 1998 τὰς
255 1925 440 2006 φαντασίας
467 1918 550 2005 ὑπὲρ
577 1931 638 1987 τοῦ
666 1920 850 2006 ἀποστῆναι
872 1924 934 2006 τὴν
957 1924 1103 1987 ἔκκλισιν
1126 1921 1192 1987 ἀπὸ
1308 1971 1309 1988 ι

178 2029 302 2104 παντὸς
323 2037 385 2094 τοῦ
407 2029 569 2093 τοιούτου.
615 2030 664 2104 τίς
681 2028 745 2113 γάρ
767 2027 857 2094 ἔστιν
876 2027 1033 2114 ἀσκητης;
1056 2028 1074 2093 ὁ
1099 2032 1193 2112 μελε-

178 2142 245 2198 τῶν
269 2131 374 2219 ὀρέξει
398 2129 459 2218 μέν
483 2134 572 2218 <μὴ>
594 2140 751 2219 χρῆσθαι,
775 2133 916 2200 έκκλίσει
940 2130 977 2199 δέ
999 2135 1082 2220 πρὸς
1105 2136 1193 2219 μόνα

178 2239 218 2303 τά
245 2240 458 2323 προαιρετικοὶ
485 2245 630 2326 χρῆσθαι
657 2237 712 2304 καλ
741 2245 886 2324 μελετῶν
909 2244 1036 2325 μᾶλλον
1059 2239 1096 2306 έν
1123 2252 1193 2318 τοῖς

179 2346 491 2431 δυσκαταπονητοις.
528 2344 605 2411 καθ’
629 2345 647 2411 δ
666 2344 721 2411 καὶ
740 2347 829 2435 ἀλλφ
852 2349 935 2432 πρὸς
957 2347 1041 2411 ἀλλα
1064 2351 1193 2431 μᾶλλον
1208 2371 1235 2410 εο

143 2471 159 2518 9
179 2450 348 2537 ἀσκητέον.
393 2456 428 2518 τί
454 2448 517 2520 οὖν
540 2447 605 2518 ὧδε
634 2464 725 2518 ποιεί
750 2455 787 2519 τὸ
813 2457 947 2537 φοίνικα
971 2460 1086 2536 στῆσαι
1110 2452 1130 2536 ἢ
1154 2455 1192 2518 τὸ

178 2558 298 2644 στέγην
322 2562 523 2646 δερματίνην
546 2556 602 2623 καὶ
625 2559 730 2643 ὅλμον
752 2556 808 2623 καλ
835 2558 961 2644 ὕπερον
984 2557 1191 2644 περιφέρειν;

126 2682 159 2732 10
178 2667 349 2750 ἀνθρωπε,
371 2667 530 2750 ἀσκησον,
552 2666 584 2730 εί
600 2666 723 2750 γοργὸς
740 2659 782 2747 εί,
805 2665 1063 2750 λοιδορούμενος
1081 2661 1194 2749 ἀνέχε-

179 2777 277 2856 σθαι,
308 2770 503 2857 ἀτιμασθεὶς
535 2773 579 2856 μὴ
605 2767 827 2856 ’ἀχθεσθηναα
877 2767 941 2836 εἷθ’
975 2769 1080 2846 οὕτως
1110 2791 1193 2853 προ-

178 2877 276 2962 βηση,
298 2877 366 2960 ίνα,
388 2877 451 2942 κάν
473 2876 579 2962 πλήξη
604 2875 723 2965 σέτις,
746 2881 840 2962 είπης
861 2876 960 2952 αὐτὸς
982 2877 1064 2962 πρὸς
1087 2876 1190 2942 αὐτὸν
1206 2899 1233 2938 ετ

201 3129 212 3141 .
252 3055 339 3175 15,qu
358 3049 498 3140 qf.‹E130h.
518 3055 542 3116 2,
562 3056 590 3104 2:
616 3045 687 3135 ἀρον
710 3047 761 3105 οάν
784 3050 835 3120 τὴν
855 3047 976 3104 ἔκκλισιν
1000 3050 1057 3105 ἀπὸ
1077 3048 1192 3105 πάντων

179 3141 235 3175 ταν
255 3140 306 3175 οκ
341 3140 363 3189 φ
395 3139 470 3190 ημιν.

252 3286 284 3334 13
304 3277 358 3350 ἔγω
377 3280 425 3341 Sa:
444 3277 489 3348 ἔχε
508 3279 531 3334 S
554 3283 564 3350 ss
584 3279 760 3350 ἀνατοιηήσω
780 3280 879 3336 Solum:
898 3278 1064 3350 ἀνατοχήσω
1083 3298 1105 3350 ε,
1122 3282 1194 3336 ἀνα-

180 3383 294 3454 γωρήσω
313 3384 336 3441 S
352 3386 410 3453 (sed
427 3403 501 3454 γωρη
521 3402 539 3440 οι
558 3384 586 3445 80
603 3386 645 3441 vel
664 3385 695 3446 Sa
711 3387 743 3438 ίκ
760 3388 873 3453 νοεινιοι)
910 3389 920 3456 l!
957 3391 991 3439 14
1010 3373 1076 3441 ἕνεά
1095 3387 1117 3442 S
1136 3389 1195 3455 (sed

181 3473 199 3506 α
218 3472 236 3508 a
254 3471 288 3510 m.
307 3473 358 3511 ιιι.
378 3457 442 3512 add.
457 3461 508 3512 ακλ
526 3472 594 3512 corr.
610 3472 664 3511 esse
682 3456 802 3523 νίιλιίκν)
831 3459 841 3526 λι
870 3461 902 3510 18
921 3455 973 3526 μὲν
993 3456 1073 3529 <μὴ>
1092 3458 1194 3513 Solum..-

181 3523 231 3592 μὲν
249 3541 272 3594 ε,
290 3524 326 3594 μὴ
347 3527 369 3582 S
387 3531 418 3597 (a
435 3544 470 3582 m.
488 3543 540 3583 νει.
559 3528 591 3582 in
608 3529 721 3592 ναεινιιι)
754 3529 764 3594 ΙΙ
795 3531 830 3580 24
848 3525 1004 3600 κροιβήοηι
1023 3527 1055 3586 S.-
1074 3545 1176 3587 eorm
