2608 3928
181 221 248 288 390
328 220 511 274 APPIANOT
529 221 604 273 ΤΩΝ
622 219 839 272 ΕΠΙΚΤΗΤΟΤ
857 219 1053 271 ΔΙΑΤΡΙΒΩΝ

181 384 238 449 διὰ
255 393 354 448 τοῦτο
373 392 484 468 χεῖρας
501 380 657 466 ἐποίησεν
674 381 694 465 ἡ
713 381 815 465 φύσις
832 378 888 446 καὶ
907 379 1008 457 αύτάς
1025 381 1085 456 τάς
1104 380 1202 465 ῥῖνας

181 490 227 566 ὡς
259 493 411 572 σωλῆνας
445 490 528 573 πρὸς
563 489 601 553 τὸ
634 485 805 552 ἐκδιδόναι
837 487 878 550 τά
909 486 1005 572 ύγρά.
1060 485 1105 551 διν
1138 481 1202 552 οὖν

181 594 355 682 ἀναρροφῇ
379 618 429 671 τις
452 593 564 677 αύτάς,
587 590 672 676 λέγω
696 593 746 657 ότι
771 591 811 657 ού
833 601 924 657 ποιεῖ
944 594 1044 678 ἔργον
1065 591 1202 676 ἀνθρω-

130 718 162 767 10
181 704 289 766 πικόν.
335 699 506 785 ἀμήχανον
535 694 578 782 ἦν
601 700 645 783 μὴ
673 703 863 782 πηλοῦσθαι
886 700 965 774 τοὺς
987 699 1094 774 πόδας
1117 695 1203 782 μηδὲ

182 807 266 885 ὅλως
295 807 503 892 μολύνεσθαι
533 805 588 870 διά
617 805 779 870 τοιούτων
808 814 911 869 τινῶν
939 802 1201 890 πορευομένους·
1226 826 1236 864 ι

130 931 161 979 11
183 915 239 979 διά
261 923 360 979 τοῦτο
378 913 471 998 ὕδωρ
489 911 746 995 παρεσκεύασεν,
770 909 826 973 διὰ
844 919 942 974 τοῦτο
960 920 1080 996 χεῖρας.
1119 909 1203 996 ἀμή-

180 1044 286 1106 χανον
309 1015 352 1102 ἦν
376 1017 440 1084 ἀπὸ
463 1026 523 1084 τοῦ
546 1017 687 1099 τρώγειν
705 1015 749 1100 μὴ
774 1015 926 1101 ῥυπαρόν
942 1037 975 1080 τι
998 1012 1203 1101 προσμένειν

181 1137 251 1202 τοῖς
273 1125 405 1190 ὀδοῦσι·
430 1124 485 1188 διὰ
503 1132 602 1188 τοῦτο
622 1121 786 1205 *πλῦνουζ
808 1125 902 1206 φησί,
925 1120 1015 1199 πούς
1038 1122 1203 1200 ὀδόνταςῖ

181 1231 238 1295 διά
261 1234 306 1308 τί;
331 1227 375 1295 ἵν’
403 1230 583 1314 ἀνθρωπος
600 1221 641 1314 ᾗς
659 1225 714 1292 καὶ
732 1229 778 1312 μὴ
801 1230 926 1312 θηρίου
948 1224 1032 1312 μηδὲ
1055 1229 1202 1294 συΐδιον.

132 1355 164 1403 12
184 1334 356 1422 ἀμήχανον
374 1337 419 1420 μὴ
438 1334 503 1400 ἀπὸ
521 1343 581 1416 τοῦ
601 1335 740 1420 ίδρῶτος
757 1330 884 1417 καὶτῆς
900 1334 983 1399 κατὰ
997 1335 1059 1417 τὴν
1074 1334 1203 1418 ἐσθῆτα
1217 1357 1238 1395 ιο

184 1451 328 1528 συνοχῆς
354 1442 599 1507 ὑπολείπεσθαί
623 1463 655 1505 τι
681 1436 758 1521 περὶ
785 1441 823 1506 τὸ
852 1450 945 1524 σῶμα
969 1438 1122 1526 ῥυπαρὸν
1147 1440 1203 1506 καὶ

183 1550 344 1633 δεόμενον
367 1547 640 1634 ἀποκαθάρσεως·
665 1547 721 1611 διὰ
743 1555 842 1612 τοῦτο
860 1545 965 1631 ὕδωρ,
988 1548 1114 1630 ἔλαιον,
1135 1559 1203 1632 χεῖ-

182 1679 254 1740 ρες,
276 1656 434 1740 ὀθόνιον,
457 1653 595 1741 ξύστρα,
617 1655 750 1739 νίτρον,
777 1649 851 1717 ἔσθ’
878 1649 933 1717 ὅθ’
959 1651 980 1735 ἡ
1003 1653 1087 1737 ἀλλη
1111 1663 1203 1720 πᾶσα

131 1779 162 1827 13
181 1763 372 1849 παρασκευὴ
400 1763 483 1845 πρὸς
508 1763 546 1826 τὸ
575 1765 723 1844 καθῆραι
754 1758 846 1824 αὐτό.
896 1759 949 1823 ού·
982 1755 1054 1823 ἀλλ’
1087 1758 1106 1825 ὁ
1139 1757 1203 1844 μὲν

182 1871 323 1954 χαλκεὺς
347 1869 405 1949 [ὡς
427 1868 579 1952 χαλκεύς]
604 1864 732 1944 ἀξιώσει
759 1866 797 1930 τὸ
822 1866 976 1951 σιδήριον
992 1861 1049 1930 καὶ
1072 1866 1203 1951 όργανα
1217 1889 1238 1927 ιε

182 1975 264 2058 πρὸς
287 1983 385 2038 τοῦτο
409 1971 472 2050 ἔξει
495 1969 780 2058 κατεσκευασμένα
797 1969 852 2038 καὶ
870 1974 908 2036 τὸ
926 1971 1084 2037 πινάκιον
1103 1972 1204 2051 αὐτὸς

184 2081 226 2143 σὺ
249 2083 396 2162 πλυνεῖς,
420 2079 499 2144 ὅταν
522 2076 643 2164 μέλλῃς
666 2078 806 2163 ἐσθίειν,
830 2078 888 2143 ίάν
907 2079 951 2162 μὴ
970 2071 1010 2164 ᾗς
1031 2085 1205 2157 παντελῶς

183 2183 371 2268 ἀκάθαρτος
398 2181 454 2250 καὶ
482 2184 642 2271 ῥυπαρός·
669 2187 707 2250 τὸ
736 2183 904 2268 σωμάτιου
932 2180 963 2248 δ’
995 2183 1036 2249 ού
1062 2190 1205 2263 πλυνεῖς

132 2307 165 2356 14
185 2288 264 2356 οὐδὲ
287 2293 439 2375 καθαρὸν
468 2294 631 2375 ποιήσεις;
658 2329 696 2338 -
723 2292 791 2356 Διά
813 2294 858 2374 τί,
880 2293 992 2376 φησίν.
1020 2327 1065 2337 -
1089 2292 1204 2357 Πάλιν

185 2396 248 2483 ε’ρῶ
277 2415 344 2464 σοι·
371 2409 504 2483 πρῶτον
533 2395 593 2482 μὲν
621 2397 678 2462 ἵνα
707 2398 748 2462 τὰ
774 2396 958 2482 ἀνθρώπου
984 2406 1098 2482 ποιῇς,
1130 2394 1204 2464 εἶτα
1217 2419 1240 2458 ει

131 2521 164 2570 15
183 2505 239 2570 ίνα
267 2503 311 2590 μὴ
339 2503 436 2592 ἀνιᾷς
465 2507 543 2581 τοὺς
576 2503 846 2589 ἐντυγχάνοντας.
896 2505 1050 2569 τοιοῦτόν
1081 2526 1115 2568 τι
1147 2503 1204 2569 καὶ

183 2609 306 2676 ίνθάδε
329 2621 435 2689 ποιεῖς
451 2608 507 2675 καὶ
527 2609 588 2674 ούκ
611 2609 767 2696 αίσθάυρ.
800 2610 924 2674 σαυτὸν
944 2607 1039 2687 ἀξιον
1057 2608 1123 2695 ἡγῇ
1141 2621 1204 2677 τοῦ
1282 2641 1283 2674 ι

184 2717 284 2794 ὄζειν·
308 2718 402 2801 Ιἔστω,
427 2721 499 2782 ἴσθι
521 2715 622 2794 ἄξιος.
659 2716 704 2800 μή
724 2739 756 2781 τι
779 2712 835 2779 καὶ
857 2717 936 2792 τούς
957 2718 1206 2801 παρακαθίζον-

183 2844 256 2905 τας,
284 2825 329 2907 μή
357 2845 388 2887 τι
414 2819 471 2887 καὶ
497 2825 575 2898 τοὺς
603 2817 980 2905 συγκατακλινομέυους,
1014 2823 1059 2905 μή
1086 2844 1119 2887 τι
1147 2820 1204 2887 καὶ

132 2945 164 2996 16
183 2929 261 3004 τοὺς
284 2933 561 3014 καταφιλοῦυτας;
592 2927 613 3011 ἣ
636 2923 754 2992 ἄπελθ’
783 2928 829 3004 είς
856 2925 994 3012 ἐρημίαν
1017 2928 1084 2993 πού
1112 2950 1204 3012 ποτε,
1218 2946 1239 2986 2⁵

184 3028 223 3117 ἧς
242 3031 332 3111 ἀξιος
350 3028 391 3117 εί,
409 3031 465 3098 καὶ
485 3037 588 3118 μόνος
612 3034 705 3117 δίαγε
723 3035 868 3111 κατίζων
888 3043 1021 3099 σαυτοῦ.
1069 3035 1203 3100 δίκαιον

185 3138 249 3225 γάρ
274 3137 342 3204 ἐστι
365 3148 422 3224 τῆς
446 3148 505 3224 σῆς
527 3139 734 3225 ἀκαθαρσίας
752 3134 789 3203 σὲ
806 3141 913 3222 μόνον
936 3138 1128 3205 ἀπολαύειν.
1166 3140 1204 3205 ἐν

183 3246 279 3309 πόλει
313 3242 344 3309 δ’
380 3246 461 3310 ὄντα
498 3245 604 3322 οὕτως
640 3241 881 3330 ἀπερισκέπτως
912 3243 967 3310 καὶ
1000 3243 1204 3330 ἀγνωμόνως

259 3438 292 3486 16
312 3432 346 3502 [ὡ
347 3434 482 3501 ςχαλκεὺ
469 3433 509 3520 ς]
528 3436 580 3490 ἀτί.
600 3452 613 3489 ε
644 3437 653 3502 ΙΙ
685 3441 718 3490 17
736 3434 902 3497 πλύνειςθε
920 3452 998 3524 corr}
1010 3435 1039 3491 0
1059 3437 1204 3526 δοίιιιι,λιί’;4

186 3495 318 3639 ιέςμὰηῆὡ
320 3503 382 3640 ω
401 3509 455 3641 u25
458 3500 569 3642 {PM
517 3504 664 3558 ικαίίικέα
695 3508 705 3573 ΙΙ
736 3504 858 3565 amm&
887 3508 897 3573 fl
928 3500 998 3559 26
981 3525 1014 3571 ης
1032 3523 1147 3576 εοωμει
1172 3486 1205 3576 ἧς

1278 3481 1282 3882 J
