2650 3930
138 192 179 250 (11,
194 198 213 250 ο,
228 196 315 250 ιο-ιο,
330 191 351 244 ι)
402 182 556 236 ΒΙΒΛΙΟΝ
573 181 773 236 ΔΕΤΤΕΡΟΝ.
791 179 836 238 θ’.
861 178 894 240 ι’.
1088 182 1150 247 131

136 345 221 410 ἄλλα
243 340 508 429 ὑποτεταγμένα,
538 342 644 428 αὐτήν
667 339 697 409 δ’
725 342 928 410 ἀδούλευτον
951 342 1006 409 καὶ
1030 343 1154 412 ἀνυπό-

135 474 266 518 τακτον.
321 453 436 516 σκόπει
459 445 547 534 οὖν,
585 453 688 524 τίνων
718 451 895 536 κεχώρισαι
926 451 1009 516 κατὰ
1040 454 1187 534 λόγονν

134 559 312 644 κεχώρισαι
334 560 483 642 θηρίων,
509 557 685 642 κεχώρισαι
711 556 897 642 προβάτων.
943 555 998 622 ἐπὶ
1024 558 1187 636 τούτοιςο

134 668 272 746 πολίτης
298 657 332 728 εί
355 671 417 728 τοῦ
444 664 571 747 κόσμου
593 659 650 726 καὶ
671 659 771 747 μέρος
793 661 913 747 αὐτοῦ,
941 663 1002 748 οὐχ
1024 663 1063 728 ἓν
1085 675 1152 729 τῶν

108 769 360 856 ιὺπηρετικῶν,
388 767 473 833 ἀλλὰ
499 779 566 833 τῶν
593 765 870 854 προηγουμένων·
897 773 1153 855 παρακολουθή-

133 878 227 953 τικὸς
253 875 318 959 γὰρ
348 868 381 939 εδ
400 883 440 960 τῇ
462 877 542 962 θείμ
564 875 727 958 διοικήσει
749 871 888 940 καὶτοῦ
912 872 985 958 ἑξῆς
1007 874 1152 959 ἐπιλογι-

135 984 256 1058 στικός.
301 982 351 1058 τίς
373 975 435 1047 οὖν
459 979 637 1064 ἐπαγγελία
657 983 811 1059 πολίτου;
841 977 947 1065 μηδὲν
970 983 1058 1067 ἔχειν
1081 983 1187 1070 ίδίριι

135 1084 326 1173 συμφέρον,
359 1084 435 1173 περὶ
467 1087 610 1171 μηδενὸς
641 1088 866 1172 βουλεύεσθαι
898 1087 943 1164 ὡς
974 1087 1152 1171 δπόλυτον,

134 1191 209 1259 ἀλλ’
236 1195 346 1277 ὥσπερ
373 1194 432 1277 ἄν,
460 1194 492 1258 εί
517 1191 538 1276 ἡ
566 1189 638 1278 χεὶρ
665 1192 686 1277 ή
714 1194 733 1260 ὁ
760 1196 844 1272 ποὺς
872 1196 1032 1280 λογισμὸν
1060 1189 1152 1281 εἶχον

95 1326 121 1367 ιο
134 1300 191 1367 καὶ
213 1300 495 1386 παρηκολούθουν
513 1305 552 1383 τῇ
571 1307 696 1384 φυσική
714 1309 917 1386 κατασκευή,
933 1298 1085 1367 οὐδέποτ’
1100 1301 1151 1372 διν

134 1408 245 1483 ἄλλως
272 1407 431 1492 ὥρμησαν
458 1404 479 1489 ή
507 1402 705 1491 ὠρέχθησαν
736 1405 757 1490 ή
790 1406 1065 1491 ἐπανενεγκόντες
1096 1407 1151 1474 ἐπὶ

133 1516 172 1580 τὸ
196 1512 285 1579 ὅλον.
331 1512 388 1576 διδ
411 1518 509 1577 τοῦτο
531 1516 639 1588 καλῶς
661 1509 818 1595 λέγουσιν
839 1513 875 1579 οί
894 1511 1076 1600 φιλόσοφοι
1099 1515 1185 1580 ὅτιὸ

135 1621 172 1684 εί
203 1617 370 1704 προῄδει
401 1617 420 1683 ὁ
452 1618 571 1694 καλὸς
605 1615 669 1682 καὶ
706 1616 857 1700 ἀγαθὸς
888 1620 933 1685 τὰ
965 1619 1149 1705 ἐσόμενα,

135 1728 329 1812 συνήργει
347 1723 395 1789 δν
412 1722 478 1790 καὶ
495 1732 546 1812 τῷ
565 1734 703 1789 νοσεῖν
720 1722 785 1790 καὶ
802 1733 853 1812 τῷ
876 1723 1150 1812 ἀποθνῄσκειν

94 1828 200 1897 τεκαὶ
223 1840 273 1920 τῷ
301 1836 546 1917 πηροῦσθαι,
574 1832 819 1915 αἰσθανόμενός
845 1854 898 1916 γε,
926 1832 977 1896 ὅτι
1005 1832 1069 1899 ἀπὸ
1092 1841 1151 1918 τῆς

133 1949 201 2006 τῶν
235 1938 324 2004 ὅλων
356 1934 535 2015 διατάξεως
564 1944 664 2003 τοῦτο
697 1935 910 2023 ἀπονέμεται,
944 1940 1149 2025 κυριώτερον

134 2041 172 2110 δὲ
195 2045 233 2110 τὸ
257 2044 337 2110 ὅλον
360 2052 422 2110 τοῦ
443 2040 565 2128 μέρους
586 2041 643 2108 καὶ
661 2041 681 2126 ἡ
700 2047 796 2122 πόλις
815 2054 876 2111 τοῦ
893 2048 1040 2111 πολίτου.
1076 2054 1150 2110 νῦν
1168 2061 1186 2114 6

134 2148 165 2217 δ’
194 2151 255 2217 ὅτι
278 2149 324 2216 οὐ
341 2149 724 2234 ,προγιγνώσκομεη
753 2154 921 2235 καθήκει
948 2163 1025 2218 τῶν
1051 2154 1150 2237 πρὸς

134 2257 304 2341 ἐκλογήν
336 2252 613 2340 εὐφυεστέραν
644 2256 824 2340 ἔχεσθαι,
861 2257 921 2322 ὅτι
957 2259 1021 2322 καὶ
1051 2259 1150 2344 πρὸς

93 2385 120 2426 ιο
134 2373 253 2430 τοῦτο
276 2364 508 2447 γεγόναμεν.

200 2470 298 2535 Μετὰ
323 2477 423 2535 τοῦτο
450 2464 598 2551 μέμνησο
621 2466 673 2531 δτι
694 2467 768 2543 υίὸς
790 2461 829 2532 εδ.
874 2471 924 2544 τίς
945 2468 1066 2534 τούτου
1087 2478 1148 2534 τοῦ
1168 2486 1183 2534 7

132 2577 314 2661 προσώπου
337 2573 529 2658 έπαγγελία;
552 2572 659 2638 πάντα
679 2573 762 2655 <τὰ>
781 2573 886 2638 αὑτοῦ
908 2572 1065 2656 ἡγεῖσθαι
1087 2585 1147 2641 τοῦ

132 2686 272 2768 πατρός,
298 2681 406 2748 πάντα
427 2679 625 2763 ὑπακούειν,
652 2676 816 2764 μηδέποτε
844 2676 940 2758 ψέξαι
967 2683 1050 2766 πρός
1071 2704 1147 2748 τινα

133 2784 218 2873 μηδὲ
245 2788 410 2872 βλαβερόν
439 2807 471 2849 τι
495 2783 583 2872 αὐτῷ
611 2785 717 2850 εἰπεῖν
745 2783 766 2868 ή
788 2785 926 2870 πρᾶξαι,
954 2786 1147 2865 ἐξίστασθαι

91 2912 119 2954 ιε
133 2893 171 2960 ἐν
193 2902 297 2959 πᾶσιν
318 2890 374 2958 καὶ
396 2901 605 2976 παραχωρεῖν
628 2899 856 2976 συνεργοῦντα
883 2893 965 2958 κατὰ
993 2893 1147 2978 δύναμιν.

206 3125 239 3174 13
250 3135 311 3188 sqq.
330 3118 365 3174 cs.
384 3118 420 3188 ΙΙ,
434 3124 459 3188 6,
475 3123 504 3188 93
524 3116 630 3172 Seneca
648 3117 685 3172 de
703 3117 811 3187 provi&
827 3122 851 3173 ό.

203 3197 237 3246 22
247 3207 309 3259 sqq.
319 3189 354 3246 cf.
364 3188 451 3244 Ench.
463 3195 510 3244 30:
520 3186 612 3259 πατήρ
623 3183 710 3243 ἔστιν·
725 3189 931 3260 ὑπαγορεόεται
941 3183 1146 3262 ἐπιμελεῖσθαι,

130 3267 311 3334 παραχωρεῖν
330 3259 472 3317 ἁπάντων.

205 3481 219 3530 1
240 3473 329 3543 αὐτὴν
347 3472 380 3530 S:
399 3472 469 3543 αθιὴ
488 3471 519 3534 δ,
558 3473 568 3544 Ι]
605 3477 638 3526 11
656 3473 772 3540 sonasse
794 3473 901 3530 litterae
918 3469 936 3541 ἢ
955 3473 994 3543 ὠρ
1018 3490 1032 3528 ι
1050 3489 1120 3528 corr.
1135 3473 1145 3546 ή

131 3551 166 3602 22
185 3545 263 3619 (τὰ)
281 3547 334 3602 im.
353 3543 440 3602 δελετο.
945 3629 982 3685 9*
