2626 3924
112 209 164 266 (Ν,
178 214 197 266 ε
211 213 285 265 ετ-ο,
299 208 321 260 ι)
356 201 510 254 ΒΙΒΛΙΟΝ
527 202 725 254 ΤΕΤΑΡΓΟΝ.
751 200 791 270 η’.
815 200 861 256 θ’.
1061 202 1126 267 381

113 534 163 601 θ’.
199 539 306 624 Πρὸς
328 539 397 603 τὸν
425 540 482 615 είς
509 537 795 623 ἀναισχυντίαν
818 538 1127 624 μεταβληθέντα.

171 694 274 762 Ὅταν
301 697 405 763 ἀλλον
433 699 506 783 λ’δης
532 699 693 785 ἀρχοντα,
722 697 872 782 ἀντίθες,
899 698 950 764 ότι
978 702 1019 765 σὺ
1043 701 1162 784 ἔχειςῖ

112 801 219 886 τὸμὴ
248 803 382 867 δεῖσθαι
404 801 518 889 ἀρχῆς·
549 804 630 869 όταν
656 806 760 871 ἀλλον
786 810 1012 889 πλουτοῦντα,
1040 806 1128 933 ἰδοῦ,

112 910 149 973 τί
174 906 249 973 ἀντὶ
278 909 399 974 τούτου
429 910 522 993 ἔχεις.
566 911 599 974 εί
627 907 689 994 μὲν
717 911 781 996 γάρ
809 908 914 995 μηδὲν
942 911 1071 996 ἔχεις’
1053 909 1124 976 αντ’
1147 927 1163 974 2

85 1013 230 1098 ταύτοῦ,
251 1016 371 1091 ἀθλιος
393 1010 436 1080 εἶ·
460 1011 538 1080 ε’ίδ
563 1017 646 1100 ἔχεις
663 1017 701 1081 τὸ
724 1017 862 1101 μίὴχρε
859 1040 902 1081 αν
920 1019 1008 1103 ἔχειν
1025 1017 1128 1081 πλού·

114 1144 190 1204 του,
217 1120 439 1204 γίγνωσκε,“
420 1144 472 1186 οτι
497 1126 614 1187 πλεῖον
641 1123 725 1206 ἔχεις
752 1120 807 1188 καὶ
834 1127 946 1210 πολλῷ
973 1125 1129 1199 πλείονος

114 1226 217 1306 ἀξιον.
263 1228 363 1305 ἀλλος
384 1239 527 1312 γυναῖκα
549 1229 734 1315 εὔμορφον,
757 1232 798 1295 σὺ
820 1230 859 1295 τὸ
882 1231 926 1314 μὴ
950 1227 1162 1313 ἐπνθυμεῖνο

113 1333 288 1420 εὐμόρφου
306 1336 473 1418 γυναικός.
510 1334 611 1420 μικρά
629 1351 683 1399 σοι
702 1336 793 1400 δοκεῖ
810 1343 927 1414 ταῦτα;
946 1333 1003 1400 καὶ
1020 1337 1127 1400 πόσου

114 1438 156 1505 ἀν
174 1442 367 1523 τιμησαιντο
385 1433 478 1504 οὗτοι
497 1436 592 1504 αὐτοὶ
610 1440 646 1505 ολ
661 1445 880 1517 πλουτοῦντες
898 1438 953 1506 καὶ
971 1441 1129 1525 ἀρχοντες

72 1564 101 1604 ιο
114 1543 170 1610 καὶ
206 1542 273 1629 μετ’
310 1544 488 1631 εὐμόρφων
528 1546 739 1629 διαιτώμενοι
775 1545 945 1610 δύνασθαι
980 1547 1127 1612 πλούτου

113 1662 335 1782 καταφρονεῖν
357 1649 413 1716 καὶ
435 1650 548 1735 ἀρχῶν
565 1648 620 1716 καὶ
643 1650 754 1714 αὐτῶν
771 1637 900 1715 τούτων
922 1660 989 1716 τῶν
1012 1676 1128 1736 γυναι-

113 1767 193 1839 κῶν,
218 1752 266 1822 ὧν
289 1755 409 1844 ἐρῶσιν
432 1751 532 1822 καὶ
511 1781 559 1822 ων
581 1756 820 1840 τυγχάνουσιν;
843 1754 976 1840 ἀγνοεῖς
998 1749 1072 1823 οἷόν
1095 1760 1163 1823 τί4

114 1862 251 1928 ἐστιί
214 1864 311 1942 δίψος
339 1861 576 1950 πυρέσσοντος;
612 1858 714 1949 οὐδὲν
745 1861 861 1958 ὅμοιον
892 1865 958 1958 ἔχει
991 1871 1037 1950 τῷ
1067 1873 1127 1928 τοῦ

114 1970 334 2052 υγιαίνοντος.
384 1969 509 2046 ἐκεῖνος
535 1958 622 2034 πιὼν
650 1953 889 2034 ἀποτέτανται·
925 1968 943 2034 ὁ
976 1965 1013 2033 δὲ
1045 1971 1128 2056 πρὸς

72 2091 101 2134 15
116 2075 231 2159 ὀλίγον
253 2073 370 2159 ἡσθεὶς
392 2084 527 2163 ναυτιᾷ,
556 2077 660 2160 χολὴν
683 2075 764 2141 αὐτὸ
786 2086 876 2140 ποιεῖ
897 2072 972 2140 ἀντὶ
993 2075 1127 2158 ὕδατος,

116 2181 202 2266 ἐμεῖ,
230 2190 448 2266 στροφοῦται,
478 2182 559 2267 διψῇ
586 2182 822 2266 σφοδρότερον.
872 2183 1026 2246 τοιοῦτόν
1058 2179 1163 2246 ἐστιὸ

115 2285 182 2372 μετ’
211 2286 389 2371 ἐπιθυμίας
411 2292 582 2370 πλουτεῖν,
605 2281 674 2370 μετ’
700 2284 879 2370 ἐπιθυμίας
902 2287 1033 2372 ἀρχειν,
1055 2269 1125 2370 μετ’

115 2392 295 2478 ἐπιθυμίας
307 2398 390 2479 καλῇ
406 2393 663 2477 συγκαθεύδειν·
684 2395 861 2476 ζηλοτυπία
878 2394 1047 2478 πρόσεστι,
1068 2393 1129 2477 φό-

115 2503 176 2584 βος
198 2509 259 2565 τοῦ
282 2506 500 2585 στερηθῆναι,
529 2495 660 2584 αἰσχροὶ
692 2499 801 2579 λόγοι,
832 2498 950 2582 αίσχρά
983 2494 1130 2580 ἐνθυμή-

73 2631 102 2672 νο
116 2629 212 2691 ματα,
236 2607 316 2692 ἔργα
339 2603 520 2690 ἀσχήμονα.

182 2710 250 2776 Καὶ
276 2713 323 2795 τί,
350 2715 469 2796 φησίν,
501 2708 670 2789 ἀπολλύω;
702 2743 740 2756 —
762 2707 956 2796 Ἄνθρωπε,
983 2708 1163 2795 ὑπῆρχεςο

116 2819 268 2901 αίδήμων
294 2815 350 2882 καὶ
376 2826 442 2883 νῦν
464 2814 574 2881 οὐκέτι
601 2811 643 2880 εἶ·
668 2800 774 2880 ὀὐδὲν
800 2814 1025 2893 ἀπολώλεκας;
1054 2811 1128 2879 ἀντὶ

118 2926 315 3007 Χρυσίππου
332 2920 388 2988 καλ
402 2925 560 3006 Ζήνωνος
574 2919 779 3008 Ἀριστείδην
798 2919 1058 3005 ἀναγιγνώσκεις
1073 2917 1130 2986 καὶ

118 3029 265 3113 Εὔηνόν·
289 3025 390 3095 οὐδὲν
412 3028 635 3106 ἀπολώλεκας;
659 3025 734 3093 ἀντὶ
753 3029 952 3115 Σωκράτους
974 3026 1029 3094 καὶ
1047 3031 1130 3092 Διο·

76 3157 104 3200 ετ
119 3133 237 3218 γόνους
258 3136 468 3220 τεθαύμακας
490 3136 549 3201 τὸν
572 3138 726 3212 πλείστας
748 3136 942 3221 διαφθεῖραι
971 3131 1026 3200 καὶ
1049 3133 1129 3198 ἀνα-

117 3252 228 3307 πεῖσαι
256 3239 453 3325 δυνάμενον.
501 3242 602 3316 καλὸς
627 3233 714 3305 εἶναι
744 3237 856 3316 θέλεις
886 3235 943 3304 καὶ
972 3238 1164 3316 πλάσσειςῖ

189 3395 276 3484 2sqq.
295 3414 331 3470 ef.
349 3414 436 3470 Ench.
451 3420 494 3482 25,
509 3417 534 3468 5.

189 3561 207 3610 4
226 3555 291 3629 ἔχης
303 3557 336 3614 S:
351 3571 420 3614 corr.
433 3573 447 3612 ε
468 3558 478 3626 ΙΙ
501 3561 534 3611 15
552 3554 657 3623 ἥσθετο
671 3555 704 3614 S:
722 3555 844 3625 οοτνινίς
856 3553 956 3624 ἡσθεὶς
970 3550 1029 3609 εἷτα
1043 3553 1127 3612 δολω.
