2650 3930
147 214 340 269 (mmm-21)
429 205 582 258 Βιολιοα
599 207 801 259 Δανοοεοα.
825 205 876 272 ιη’.
1093 203 1155 266 167

145 368 253 444 ζοντα.
289 364 342 431 ἐπὶ
361 363 541 454 τούτῳκαὶ
561 363 644 450 μέγα
662 376 803 452 φρονεῖν
825 365 931 450 ἀξιον,
953 364 1015 431 οὐκ
1038 362 1091 430 ἐπὶ
1110 374 1155 452 τῷ

143 473 206 537 τὸν
228 472 425 556 κυριεύοντα
449 469 621 557 έρωτήσαι.

214 580 294 654 Πῶς
326 570 388 642 οὖν
420 574 553 662 γένηται
585 586 697 655 τοῦτος
733 573 879 661 θέλησον
911 573 1026 660 ἀρέσαι
1058 575 1157 652 αὐτός
1177 591 1209 642 19

143 703 224 749 ποτε
248 691 388 772 σεαυτῷ,
410 681 558 768 θέλησον
574 685 675 760 καλὸς
696 691 842 768 φανήναι
864 690 909 772 τῷ
932 688 1016 769 θεῷ·
1039 679 1156 748 ἐπιθύ-
1222 709 1228 714 ·

113 804 253 873 εμησου
281 787 429 874 καθαρὸς
460 791 539 872 μετά
571 795 724 874 καθαροῦ
756 797 880 854 σαυτοῦ
912 785 1069 871 γενέσθαι
1101 785 1156 852 καὶ

142 894 226 978 μετά
242 904 303 960 τοῦ
321 901 415 960 θεοῦ.
450 890 517 960 εἶθ’
540 895 635 961 ὅταν
651 898 875 979 προσπίπτῃ
898 896 963 960 σοί
981 917 1040 969 τις
1058 917 1155 977 φαυ-
1173 908 1208 957 20

142 1001 257 1066 τασία
279 1001 457 1085 τοιαύτη,
481 1000 625 1067 Πλάτων
650 997 711 1086 μὲν
731 1000 782 1066 ὅτι
805 1006 866 1065 ίθι
889 997 951 1064 ἐπὶ
973 999 1039 1075 τάς
1061 997 1154 1063 ἀπο-

143 1106 444 1192 διοπομπήσεις,
473 1112 534 1174 ίθι
556 1105 618 1172 ἐπὶ
640 1113 746 1172 θεῶν
768 1105 1045 1192 ἀποτροπαίων
1070 1104 1154 1185 ίερά

143 1209 286 1294 ίκέτης·
310 1210 406 1296 ἀρκεῖ
420 1211 483 1278 κάν
500 1209 564 1278 έπὶ
582 1213 649 1290 τάς
670 1224 747 1278 τῶν
764 1217 893 1278 καλῶν
911 1209 974 1278 καὶ
993 1210 1153 1294 ἀγαθῶν
1172 1225 1205 1274 21

101 1334 128 1374 1⁰
142 1315 300 1402 ἀνδρῶν
330 1321 547 1394 συνουσίας
583 1316 799 1416 ἀποχωρήσας
826 1319 909 1403 πρὸς
938 1317 1044 1404 τούτῳ
1076 1320 1152 1402 γίνη

141 1421 371 1506 ἀντεξετάζων,
395 1424 437 1488 άν
459 1446 494 1488 τε
518 1434 586 1489 τῶν
610 1425 741 1502 ζώντων
763 1425 839 1489 τινά
862 1425 937 1510 ἔχης
959 1424 1001 1486 ἀν
1024 1445 1058 1488 τε
1085 1433 1153 1486 τῶν

141 1526 394 1594 ἀποθανόντων.
439 1531 564 1594 ἄπελθε
590 1531 673 1613 πρὸς
700 1528 861 1615 Σωκράτη
889 1526 945 1594 καὶ
973 1530 1023 1593 ίδε
1050 1527 1152 1594 αὐτὸν
1171 1543 1204 1591 22

141 1637 441 1718 συγκατακείμενον
455 1631 646 1719 Ἀλκιβιάδη
664 1631 720 1699 καὶ
738 1635 950 1712 διαπαίζοντα
968 1632 1072 1699 αὐτοῦ
1092 1635 1152 1716 τήν

141 1739 240 1825 ὥραν.
287 1739 496 1824 ἐνθυμήθητι
522 1740 597 1805 οἵαν
619 1742 717 1824 νίκην
740 1735 819 1806 ποτὲ
842 1740 927 1822 ἔγνω
951 1737 1076 1814 ἐκεῖνος
1098 1761 1151 1804 νε-

102 1861 127 1900 1⁵
142 1847 298 1928 νικηκύτα
321 1842 452 1929 ἑαυτόν,
475 1837 529 1912 οἷα
544 1842 715 1930 Ὀλύμπια,
737 1847 859 1922 πόστος
876 1838 933 1930 ἀφ’
949 1840 1152 1927 Ἡρακλέους

141 1949 284 2033 ἐγένετο·
314 1952 371 2017 ἴνα
397 1975 462 2034 τις,
489 1953 531 2037 νή
558 1936 638 2029 τοὺς
663 1953 781 2034 θεούς,
809 1953 944 2027 δικαίως
971 1948 1150 2034 ἀσπάζηται

140 2057 256 2122 αὐτόν·
285 2056 405 2142 “χαίρε,
431 2057 613 2142 παράδοξα,
639 2056 716 2144 οὐχὶ
743 2061 821 2136 τοὺς
844 2059 991 2144 σαπροὺς
1012 2058 1151 2133 τούτους

138 2164 263 2241 πύκτας
280 2161 336 2230 καλ
353 2165 615 2248 παγκρατιαστάς
628 2165 806 2248 <νικήσας>
820 2160 900 2230 οὐδὲ
918 2167 996 2240 τοὺς
1014 2163 1151 2246 ὁμοίους

139 2267 267 2353 αὐτοῖς,
293 2271 371 2348 τοὺς
397 2268 626 2355 μονομάχους]
672 2278 774 2335 ταῦτα
801 2266 981 2344 ἀντιτιθεὶς
1005 2269 1150 2349 νικήσεις
1168 2285 1202 2333 νο

97 2390 124 2428 2⁰
138 2375 201 2457 τήν
224 2377 426 2461 φαντασίαν,
453 2371 536 2460 ούχ”
553 2371 742 2458 ἑλκυσθήση
765 2368 821 2439 ὑπ’
847 2374 955 2457 αὐτῆς.
1000 2375 1037 2438 τὸ
1060 2384 1148 2455 πρῶ·
1167 2390 1201 2438 ει

229 2605 316 2667 δεηη.
344 2597 752 2669 ef.P1at.Legg.1x‚854b2
776 2596 844 2652 ὅταν
867 2613 912 2651 σοι
933 2597 1093 2668 προσπίπτῃ
1120 2617 1148 2651 τι

136 2679 193 2726 τῶν
220 2669 354 2724 τοιούτων
382 2668 541 2740 δογμάτων,
574 2670 619 2724 ίθι
646 2664 694 2724 ἐπὶ
720 2667 770 2731 τὰς
798 2666 1069 2737 ἀποδιοπομπήσεις,
1102 2669 1147 2724 ίθι

137 2737 186 2796 ἐπὶ
204 2744 282 2796 θεῶν
300 2741 499 2807 ἀποτροπαίων
519 2736 581 2810 ίερδι
600 2736 700 2807 ίκίτης,
719 2741 764 2793 ίθι
782 2734 830 2793 έπλ
848 2746 903 2792 τῶν
923 2737 1077 2808 λεγομένοιν
1096 2740 1147 2794 ἀν-

137 2814 214 2882 δρῶν
232 2812 352 2881 ἀγαθῶν
371 2813 527 2877 ξυνουσίας.
547 2841 581 2852 -
600 2816 632 2864 12
653 2809 686 2865 cf.
708 2809 779 2864 plat.
799 2810 893 2879 Symp.
909 2809 1055 2878 218dsqq.

148 2897 153 2904 ·
211 2887 245 2935 14
263 2881 298 2937 ef.
317 2881 404 2937 Ench.
423 2889 469 2937 34:
496 2877 557 2935 ἀλλ’
578 2881 719 2936 ἀντιτίθει
740 2878 817 2953 πόσῳ
835 2878 952 2949 ἀμεινον
971 2881 1001 2935 τδ
1021 2879 1146 2936 συνειδέ-

136 2972 186 3007 ναι
205 2957 295 3025 σαυτςό
314 2952 419 3021 ταύτην
438 2951 489 3022 τήν
507 2954 590 3019 νίκην
608 2951 776 3020 νενικηκότι.
797 2981 829 2992 ·-
850 2956 883 3004 15
901 2950 936 3006 ef.
955 2951 1042 3007 Ench.
1062 2960 1104 3020 51,
1119 2959 1144 3007 θ.

209 3029 243 3077 20
253 3040 314 3091 sqq.
333 3023 368 3078 cf.
387 3023 473 3078 Ench.
493 3028 539 3077 20:
563 3030 713 3092 τοιγαροῦν
732 3017 763 3076 ἐν
781 3021 900 3090 πράτοις
917 3030 1004 3091 πειρῶ
1022 3021 1078 3081 ὑπὸ
1097 3029 1146 3091 τῆς
1255 3075 1259 3082 ,

136 3090 295 3162 φαντασίας
313 3093 350 3163 μὴ
369 3097 614 3164 συναρπασθῆναι.
630 3125 663 3133 -
682 3092 769 3147 Ench.
784 3098 831 3148 34:
844 3089 929 3148 Ὅταν
948 3091 1053 3162 ἡδονῆς
1069 3113 1145 3155 τινος

208 3307 381 3375 θάρκοῦνε
411 3309 421 3375 ΙΙ
454 3312 486 3362 15
505 3305 606 3369 ποστός
619 3306 652 3362 S:
666 3323 733 3362 corr.
749 3305 781 3368 ἀι
809 3308 818 3370 ΙΙ
848 3310 880 3360 18
897 3305 1025 3360 lammam
1038 3307 1145 3362 notavit

140 3377 244 3447 Πγίοοί
261 3379 354 3446 codex,
371 3379 403 3433 in
421 3393 474 3448 ηνο
492 3375 657 3449 <νιαήσεις>
671 3377 761 3447 suppl.
767 3399 778 3445 ;
797 3374 955 3448 (νικήσας)
975 3375 1037 3446 Upt.
1068 3379 1078 3445 ss
1112 3383 1143 3430 19

136 3455 339 3550 αύῗθμαίς-
361 3485 393 3540 in
414 3500 468 3540 ras.
492 3480 561 3542 asa
597 3483 606 3550 ΙΙ
647 3488 681 3537 20
700 3482 834 3552 οῦγῦ(γ
857 3483 974 3550 iuras.)
1015 3483 1024 3550 ζ
1065 3476 1144 3538 ἕλκυ-

136 3549 229 3624 σθήση
249 3552 270 3607 S
288 3552 356 3622 (σθή
374 3555 406 3608 in
422 3570 478 3610 ναε.
497 3572 515 3608 a
533 3552 572 3619 Se)
