2636 3922
142 160 206 226 102
287 163 471 216 APPIANOT
488 163 562 216 ΤΩΝ
580 164 798 217 ΕΠΙΚΤΗΤΟΤ
816 162 1011 216 ΔΙΑΤΡΙΒΩΝ

104 323 354 410 εσυνυπάρχει.
400 326 437 389 τὸ
466 320 504 388 δὲ
529 326 737 408 φαινόμενον
762 329 899 402 πολλοῖς
926 323 964 390 ἐν
991 333 1036 412 τῷ
1063 327 1154 414 τόπφ

139 428 330 515 παράδοξον
358 431 452 496 δοκεῖ
476 453 533 514 μοι
560 431 716 497 τοιούτου
744 433 836 509 τινὸς
862 433 1009 517 ἔχεσθαι·
1040 431 1072 495 εί
1093 426 1155 514 μὲν

140 537 203 621 γὰρ
225 537 310 622 πρὸς
330 536 433 602 ταύτά
455 535 613 621 ἠξιοῦμεν
635 543 781 623 χρῆσθαι
803 546 843 623 τῇ
866 534 892 602 τ’
921 536 1077 622 εὐλαβείᾳ
1099 533 1155 601 καὶ

140 650 186 729 τῷ
208 642 341 728 θάρσει,
364 643 500 719 δικαίως
524 641 566 707 άν
589 642 674 728 ἡμᾶς
695 639 837 728 χ’μιῦντο
861 642 906 720 ὡς
927 643 968 708 τὰ
986 641 1153 708 ἀσύνακτα

103 748 354 831 ισυνάγοντας.
399 757 464 814 νῦν
487 744 525 813 δὲ
547 751 583 813 τί
603 749 716 814 δεινὸν
739 751 806 834 ἔχει
833 751 870 815 τὸ
898 751 1094 833 λεγόμενον;
1123 751 1155 814 εί
1183 773 1198 813 5

140 853 204 939 γὰρ
230 853 309 938 ὑγιῆ
330 850 427 932 ,ταῦτ’
455 856 524 920 ἔστι
547 854 587 918 τὰ
608 854 768 932 πολλάκις
796 851 858 939 μὲν
881 852 1050 939 εἰρημένα,
1073 860 1153 922 πολ-

139 959 233 1044 λάκις
259 956 291 1024 δ’
321 957 598 1043 ἀποδεδειγμένα,
629 959 681 1024 ότι
711 959 732 1042 ἡ
760 958 877 1025 οὐσία
903 969 972 1025 τοῦ
1000 958 1153 1044 ἀγαθοῦ

140 1066 249 1130 ἔστιν
268 1064 309 1131 ἐν
327 1069 463 1152 χρήσει
481 1077 709 1150 φαντασιῶν
723 1063 788 1132 καὶ
805 1074 874 1133 τοῦ
892 1075 1014 1132 κακοῦ
1028 1068 1153 1133 ὡσαύ-

139 1194 226 1255 τως,
253 1169 351 1236 τάδ’
379 1171 619 1258 ἀπροαίρετα
642 1173 732 1266 οὐτε
759 1173 829 1256 τὴν
852 1182 921 1239 τοῦ
947 1183 1069 1239 κακοῦ
1092 1171 1153 1239 δέ·

104 1294 247 1362 οχεται
270 1278 392 1361 φύσιν
415 1276 503 1342 οὐτε
526 1278 596 1360 τὴν
618 1287 688 1343 τοῦ
711 1277 883 1362 ἀγαθοῦ,
909 1281 945 1343 τί
963 1277 1153 1364 παράδοξον
1169 1303 1198 1342 ιο

108 1431 111 1437 ι
140 1381 291 1461 ἀξιοῦσιν
321 1383 357 1448 οί
384 1385 581 1468 φιλόσοφοι,
613 1385 645 1448 εί
674 1382 844 1467 λέγουσιν·
877 1384 976 1451 ὅπου
1008 1380 1077 1469 μὲν
1109 1386 1153 1451 τὰ

138 1489 394 1576 ἀπροαίρετα,
422 1488 504 1555 ἐκεῖ
524 1491 566 1554 τὸ
588 1489 738 1575 θάρσος
761 1492 857 1556 ἔστω
881 1506 961 1575 σοι,
984 1490 1082 1557 ὅπου
1110 1487 1152 1556 δὲ

103 1595 183 1664 οτά
200 1594 475 1681 προαιρετικά,
500 1594 623 1677 ἐκεῖὴ
647 1594 848 1678 εὐλάβεια;
873 1597 906 1660 εί
926 1597 990 1682 γὰρ
1014 1595 1052 1662 ἐν
1070 1605 1153 1682 κακῇ

137 1700 329 1788 προαιρέσει
351 1703 388 1766 τὸ
410 1704 526 1784 κακόν,
552 1703 634 1786 πρὸς
655 1703 743 1785 μόνα
756 1711 867 1767 ,ταῦτα
889 1708 1035 1788 χρῆσθαι
1059 1701 1153 1780 άξιον

138 1807 305 1895 εὐλαβείᾳ·
329 1811 361 1873 εί
382 1804 420 1873 δὲ
442 1809 482 1874 τὰ
506 1805 705 1894 ἀπροαίρετα
727 1804 783 1872 καὶ
806 1809 850 1892 μὴ
874 1805 924 1893 ἐφ’
948 1808 1028 1892 ἡμῖν
1051 1804 1154 1874 οὐδὲν
1170 1829 1199 1870 ιε

105 1933 119 1980 7
138 1916 222 2000 πρὸς
242 1914 343 1998 ἡμᾶς,
365 1915 449 1996 πρὸς
470 1922 573 1979 ταῦτα
595 1922 641 2002 ιβ
663 1913 785 1999 θάρσει
807 1912 976 2000 χρηστέον.
1020 1913 1077 1980 καὶ
1098 1914 1155 1980 οὐ·

138 2043 202 2096 τως
221 2020 287 2103 ἅμα
316 2014 377 2103 μὲν
400 2019 552 2104 εὐλαβεῖς
573 2020 641 2104 ἅμα
664 2015 702 2086 δδ
724 2018 907 2106 θαρραλέοι
931 2020 1078 2105 ἐσόμεθα
1099 2019 1155 2086 καὶ

138 2126 180 2209 νὴ
207 2128 277 2216 Δία
304 2126 360 2190 διὰ
387 2126 448 2208 τὴν
480 2125 656 2209 εὐλάβειαν
686 2123 877 2210 θαρραλέοι.
889 2123 988 2213 Δφξδιδι
1020 2127 1154 2219 γάρτὸ

139 2230 354 2314 εὐλαβεῖσθαι
381 2229 421 2294 τά
451 2230 556 2307 ὄντως
578 2230 662 2295 κακά
686 2232 887 2314 συμβήσεται
909 2236 1052 2318 θαρρεῖν
1075 2231 1154 2316 ἡμῖν

139 2340 221 2423 πρὸς
243 2337 283 2402 τά
305 2337 350 2422 μὴ
374 2335 479 2412 οὕτως
503 2337 629 2421 ἔχοντα.
737 2421 743 2426 ,
1169 2361 1198 2400 εο

104 2463 121 2512 8
206 2445 338 2510 Λοιπὸν
364 2441 458 2527 ἡμεῖς
484 2443 521 2507 τὸ
549 2453 617 2507 τῶν
646 2441 780 2527 ἐλάφων
805 2441 988 2529 πάσχομεν·
1017 2443 1070 2509 ὅτε
1093 2468 1154 2528 φο-

139 2555 277 2636 βοῦνται
299 2548 355 2616 καὶ
377 2550 563 2634 φεύγουσιν
585 2549 623 2613 αί
648 2551 765 2634 ἔλαφοι
788 2549 828 2614 τά
851 2550 965 2635 πτερά,
993 2559 1060 2616 ποῦ
1082 2548 1154 2636 τρί-

62 2655 67 2662 ’
138 2679 257 2723 πονται
279 2654 334 2721 καὶ
357 2657 439 2738 πρὸς
460 2658 536 2720 τίνα
564 2653 797 2741 ἀναχωροῦσιν
820 2655 865 2733 ὡς
892 2656 1039 2741 ἀσφαλῆς
1070 2658 1154 2741 πρὸς

139 2762 179 2827 τὰ
201 2764 331 2827 δίκτυα·
362 2758 417 2826 καὶ
440 2760 546 2838 οὕτως
564 2758 767 2827 ἀπόλλυνται
790 2760 1009 2840 ἐναλλάξασαι
1031 2762 1071 2826 τὰ
1093 2784 1155 2847 φο-

103 2886 120 2934 9
140 2868 222 2954 βερά
244 2865 300 2932 καὶ
322 2867 362 2931 τὰ
383 2865 563 2953 θαρραλέα.
609 2867 697 2933 οὐτω
718 2865 775 2933 καὶ
796 2867 890 2952 ἡμεῖς
911 2876 978 2932 ποῦ
996 2868 1154 2953 χρώμεθα
1170 2887 1198 2928 αι

139 2981 185 3062 τῷ
207 2975 318 3062 φόβφ;
340 2973 424 3058 πρὸς
446 2974 485 3036 τά
513 2972 720 3060 ἀπροαίρετα.
766 2972 803 3040 ἐν
830 2976 917 3040 τίσιν
944 2974 1046 3039 πάλιν
1069 2979 1154 3059 θαρ-

140 3089 277 3168 ροῦντες
304 3077 580 3164 άναστρεφόμεθα
608 3079 652 3156 ὡς
674 3078 813 3156 οὐδενὸς
836 3082 933 3157 ὄντος
955 3081 1085 3158 δεινοῦς
1118 3078 1156 3145 ἐν

88 3203 121 3252 10
140 3197 209 3263 τοῖς
234 3195 484 3272 προαιρετικοῖς.
531 3183 775 3271 ἐξαπατηθῆναι
800 3180 908 3271 <οὐν>
932 3183 1155 3274 ἣζπροπεσεῖν

213 3450 229 3498 8
249 3438 306 3498 ἔστι
320 3443 353 3499 S:
366 3459 463 3500 eorm
494 3447 503 3513 ΙΙ
535 3450 569 3500 28
584 3442 634 3499 οὐν
649 3464 667 3500 α
681 3445 711 3506 δι
731 3448 877 3514 (incertum
894 3455 989 3508 utrum
1007 3453 1157 3504 correctum

140 3531 180 3568 ακ
198 3515 334 3580 additum)
