2630 3928
187 215 230 279 28
329 217 513 270 εενωαον
531 217 606 272 νεα
623 201 1054 272 ωωῐωνωτονωετεωωα

188 379 408 444 δανείσασθαι
430 382 514 465 πρὸς
536 382 573 446 τὸ
598 382 646 446 ἐτι
669 379 829 465 ὀφείλειν,
852 380 935 445 ἀλλά
955 380 1009 444 δεῖ
1023 388 1200 464 προσεῖναι

186 482 302 550 καὶτὸ
326 483 493 569 ἐπιμένειν
516 484 570 552 έπὶ
592 495 653 552 τοῦ
676 488 813 552 δανείου
831 484 887 550 καὶ
910 488 954 570 μή
978 485 1201 551 διαλελύσθαι

188 591 285 674 αὐτό,
317 591 422 668 οὕτως
451 593 513 657 οὐκ
539 592 635 676 ἀρκεῖ
658 595 741 679 πρὸς
768 595 805 658 τὸ
834 594 906 658 δεῖν
928 603 1137 677 παραχωρεῖν
1160 595 1201 658 τὸ

188 697 444 784 ἐπιφερόμενον,
471 700 508 764 τὸ
537 697 718 764 δεδωκέναι
740 700 780 764 τά
803 701 969 783 λήμματα,
997 700 1051 764 δεῖ
1071 696 1100 762 δ’
1129 697 1201 763 έπε-

137 820 169 869 17
188 802 300 888 μένειν
323 802 377 870 ἐπὶ
399 812 457 888 τῆς
483 808 746 891 παραχωρήσεως
773 806 892 870 αὐτῶν.
936 802 991 870 καὶ
1015 807 1056 890 δή
1080 808 1200 889 μενόν·
1234 825 1248 864 ⁵

188 934 254 976 των
286 907 348 996 μὲν
379 911 490 977 αὐτῶν
524 914 571 989 είς
601 910 694 989 τέλος
725 912 822 978 ὁποία
853 915 1075 998 παρεχωρήθη
1110 921 1203 976 πᾶσα

189 1015 315 1100 ἀνάγκη
338 1018 422 1103 ἡμᾶς
445 1017 499 1084 ἐπὶ
520 1027 578 1103 τῆς
598 1021 862 1105 παραχωρήσεως
889 1018 1056 1104 ἐπιμένειν
1082 1016 1138 1082 καὶ
1162 1020 1202 1083 τὸ

85 1142 125 1204 18,
140 1140 172 1189 19
187 1122 379 1189 ἀκόλουθον
397 1121 510 1201 αὐτοῖς
526 1113 771 1210 προσδέχεσθαι
786 1174 867 1190 .....
886 1121 966 1191 οὐδὲ
979 1127 1042 1210 γὰρ
1057 1125 1137 1209 ἡμῖν
1152 1127 1203 1188 ἐτι

190 1226 268 1295 οὐδὲ
305 1227 383 1295 καθ’
418 1230 502 1315 ἡμᾶς
534 1236 709 1316 συμβαίνει
742 1242 841 1298 τοῦτο
878 1234 915 1297 τὸ
949 1231 1204 1317 ἐπιφερόμενον,
1305 1239 1307 1320 ή

190 1335 302 1420 ἐπειδή
335 1347 393 1422 τῆς
428 1341 666 1424 σννχωρήσεως
696 1349 764 1404 τῶν
796 1339 974 1423 λημμάτων
1006 1335 1203 1421 ἀπέστημεν.
1220 1359 1250 1399 10
1305 1323 1307 1370 ί

136 1458 170 1507 20
190 1442 244 1507 δεῖ
265 1437 327 1507 οὖν
349 1441 404 1508 καὶ
426 1433 624 1510 τὰτοιαῦτα
650 1455 718 1509 τῶν
745 1445 922 1529 λημμάτων
946 1445 1118 1529 ἱστορῆσαι
1144 1441 1204 1508 καὶ
1305 1447 1307 1460 ⁴

189 1549 250 1631 τήν
279 1549 437 1633 τοιαύτην
469 1553 656 1634 μεταβολήν
684 1574 719 1615 τε
753 1548 809 1615 καὶ
840 1549 1046 1635 μετάπτωσιν
1078 1549 1204 1632 αὐτῶν,

189 1651 266 1719 καθ’
293 1655 336 1738 ἣν
364 1654 401 1720 ἐν
428 1655 511 1742 αὕτη
543 1667 582 1742 τῇ
611 1656 768 1743 ἐρωτήσει
794 1657 815 1741 ή
842 1667 881 1742 τῇ
912 1655 1082 1740 ἀποκρίσει
1109 1655 1202 1744 ήτῷ

190 1765 447 1845 συλλελονίσθαι
473 1765 495 1846 ή
522 1788 588 1828 τινι
621 1765 710 1853 ἀλλςο
738 1765 876 1854 τοιούτω
904 1763 1115 1848 λαμβάνοντα
1142 1764 1205 1840 τὰς

189 1870 409 1954 μεταπτώσεις
438 1869 594 1955 ἀφορμήν
623 1869 758 1954 παρέχει
784 1881 853 1947 τοῖς
879 1870 1033 1954 ἀνοήτοις
1058 1880 1118 1934 τοῦ
1146 1893 1204 1933 τα-
1222 1891 1251 1932 15

137 1991 169 2040 21
189 1976 375 2060 ράσσεσθαι
403 1977 447 2060 μή
475 1975 635 2060 βλέπουσι
664 1981 702 2044 τὸ
733 1977 932 2043 ἀκόλουθον.
978 1980 1067 2052 τίνος
1090 1975 1203 2055 ἕνεκα;
1305 1985 1306 1998 ’

190 2079 232 2146 ἵν’
257 2081 294 2146 ἐν
312 2091 357 2170 τῷ
380 2087 470 2172 τόπῳ
493 2084 600 2173 τούτῳ
623 2084 667 2168 μή
690 2085 780 2168 παρὰ
802 2087 840 2149 τὸ
858 2090 1010 2167 καθῆκον
1028 2080 1104 2167 μηδ’
1129 2084 1203 2168 είκῇ
1249 2075 1253 2082 ’

190 2183 273 2271 μηδὲ
297 2189 547 2274 συγκεχυμένως
569 2189 862 2275 ἀναστρεφόμεθα.

137 2310 170 2358 22
257 2291 324 2358 Καὶ
346 2297 383 2360 τὸ
407 2293 487 2362 αὐτὸ
511 2295 568 2361 ἐπί
591 2320 626 2362 τε
648 2307 714 2361 τῶν
739 2294 935 2361 ὑποθέσεων
958 2293 1012 2360 καί
1035 2305 1102 2360 τῶν
1120 2295 1204 2361 ὑπο-

189 2407 334 2468 θετικῶν
356 2405 474 2487 λόγων.
521 2403 703 2486 ἀναγκαῖον
720 2405 783 2489 γάρ
803 2405 893 2467 ἔστιν
912 2396 959 2467 ὅτ’
977 2404 1111 2487 αίτήσαί
1127 2425 1204 2467 τινα
1219 2424 1251 2464 νο

138 2526 171 2574 23
190 2506 355 2574 ὑπόθεσιν
388 2511 497 2596 ὥσπερ
533 2509 720 2595 ἐπιβάθραν
751 2518 796 2598 τῷ
833 2507 905 2593 ἑξῆς
942 2510 1039 2596 λόγῳ.
1091 2517 1204 2574 πᾶσαν

191 2610 253 2679 οὖν
276 2617 336 2699 τήν
361 2617 522 2681 δοθεῖσαν
544 2613 843 2702 παραχωρητέονή
875 2613 916 2682 οὐ
938 2625 1062 2694 πᾶσαν;
1092 2613 1148 2679 καὶ
1172 2618 1205 2680 εί
1304 2583 1305 2675 ἀ

138 2739 172 2787 24
191 2719 233 2787 οὐ
247 2731 367 2805 πᾶσαν,
381 2725 469 2801 τίνα;
490 2720 578 2808 [περὶ
592 2725 683 2799 τίνος
698 2721 718 2805 ἡ
734 2721 861 2801 σκέψις;
880 2720 955 2807 περὶ
969 2725 1202 2806 καθήκοντος]

190 2831 465 2914 παραχωρήσαντι
484 2826 521 2893 δὲ
539 2827 693 2912 μενετέον
711 2829 851 2894 είσάπαν
870 2826 923 2894 ἐπὶ
946 2839 1003 2912 τῆς
1024 2831 1203 2913 τηρήσεως,
1303 2869 1304 2880 1

191 2933 212 3017 ή
236 2937 326 3000 ἐστιν
350 2935 403 3000 ὅτε
427 2934 641 3019 ἀποστατέον,
665 2937 704 3000 τά
728 2932 759 3001 δ’
786 2933 958 3001 ἀκόλουθα
980 2933 1203 3020 προσδεκτέον
1218 2954 1249 2994 ω

264 3161 375 3227 σκέλος
393 3164 440 3226 Sa.-
467 3161 587 3225 *έλοςδ
615 3166 624 3233 [Ι
660 3168 676 3216 8
700 3170 765 3233 post
791 3163 1000 3232 προσδέχεσθαι
1026 3164 1115 3232 suppl.
1140 3161 1203 3232 Upt.

194 3239 218 3292 ‘e
236 3237 305 3293 cod?
326 3238 404 3291 haec:
428 3235 464 3325 μὴ
489 3234 630 3304 μενόντων
653 3234 685 3288 δέ
704 3236 797 3288 αὐτῶν
821 3233 906 3288 ὁποῖα
924 3233 1130 3304 παρεχωρήθη,
1153 3236 1205 3288 καὶ

192 3310 265 3379 ἡμᾶς
281 3316 359 3362 πᾶσα
378 3307 488 3377 ἀναχκη
506 3313 556 3374 τῆς
573 3304 795 3374 παραχωρήσεως
818 3306 996 3373 ἀφίστασθαι
1026 3305 1075 3359 καὶ
1098 3313 1147 3359 τοῦ
1171 3307 1204 3360 τὸ

192 3381 390 3435 ἀνακόλουθον
413 3384 471 3440 τοῖς
495 3378 590 3439 αὐτοῖς
612 3378 715 3446 (αὐτῶν
740 3378 837 3444 δελετο.)
861 3373 953 3446 λόχοις
980 3374 1205 3446 προσδέχεσθαι;

192 3469 239 3523 eqo
259 3453 386 3506 lacunam
404 3451 528 3504 indicavi
559 3451 568 3517 ΙΙ
599 3449 694 3502 malim
711 3443 804 3520 <ἐφ“>
818 3447 885 3517 ημῖν
912 3450 921 3516 ll
951 3454 983 3502 10
1001 3450 1095 3502 malim
1112 3467 1205 3516 παρα-

193 3522 381 3650 ἔέῗίσέωέαί
410 3519 684 3661 ἶίέετίεῖἶώῖῗίὲςθ
700 3519 980 3657 (ειιέείιῗλάεῖῗ
993 3519 1093 3657 ἀθά
1124 3522 1133 3587 ⁰
1167 3525 1204 3574 ²²

292 3625 305 3656 d
382 3637 388 3648 .
470 3630 475 3643 ι
681 3621 714 3630 -
974 3634 978 3642 .
