2626 3924
176 197 242 262 346
319 195 502 249 APPIANOT
519 194 592 246 ΤΩΝ
610 193 827 245 ΕΙΠΚΤΗΤΟΤ
844 191 1040 245 ΔΙΑΤΡΙΒΩΝ

119 376 151 425 11
171 355 272 426 οὐδὲν
304 357 450 440 δύναμαι
480 357 668 440 παραβῆναι
705 364 771 419 τῶν
803 351 970 419 ἐντολῶν.
1023 355 1116 436 τήρει
1149 355 1189 418 τὸ
1294 389 1295 394 1

172 464 302 546 ἀγαθὸν
329 464 367 527 τὸ
395 458 515 526 ἑαυτοῦ
544 458 582 524 ἐν
608 463 722 542 παντί,
750 469 817 524 τῶν
846 456 876 523 δ’
903 460 1015 524 ἄλλων
1042 459 1127 524 κατὰ
1149 461 1188 524 τὸ
1295 411 1296 486 δ

172 570 351 652 διδόμενον
383 566 478 654 μέχρι
514 574 574 632 τοῦ
606 565 811 649 εὐλογιστεῖν
843 563 880 629 έν
913 561 1042 649 αὐτοῖς,
1078 564 1188 654 τούτφ
1296 582 1297 594 ’

172 676 263 764 μόνφ
287 673 499 760 ἀρκούμενος.
545 674 576 737 εί
598 669 635 737 δὲ
657 673 719 756 μή,
742 674 974 757 δυστυχήσεις,
1001 670 1187 756 ἀτυχήσεις,

119 796 151 846 12
169 781 367 866 κωλυθήσῃ,
395 776 635 864 έμποδισθήσῃ.
681 771 778 842 οὗτοί
803 778 889 842 εἰσιν
913 777 948 841 οί
969 774 1101 841 ἐκεῖθεν
1124 775 1225 847 ἀντ-ς
1297 752 1298 816 δ

171 882 364 969 εσταλμένοι
382 886 492 968 νόμοι,
510 893 613 950 ταῦτα
630 884 670 948 τδ
689 882 904 966 διατάγματα·
922 881 1050 948 τούτων
1068 881 1188 966 ε’ξηγη-
1291 847 1298 900 ³

170 994 231 1077 τὴν
250 993 305 1056 δεῖ
319 988 490 1075 γενέσθαι,
512 990 642 1067 τούτοις
659 988 935 1073 ὑποτεταγμένον,
960 989 1002 1054 οὐ
1020 998 1090 1065 τοῖς
1107 992 1188 1054 Μα-
1298 1041 1299 1048 ,

170 1101 309 1184 σουρίου
332 1093 388 1162 καὶ
410 1098 570 1160 Κασσίου.

233 1497 276 1564 δ’.
312 1500 419 1585 Πρὸς
441 1500 533 1575 τοὺς
554 1495 645 1584 περὶ
665 1500 707 1564 τὸ
732 1497 773 1565 ἐν
795 1498 939 1586 ἡσυχίᾳ
962 1498 1118 1581 διάγειν
1301 1435 1302 1500 δ

526 1603 828 1681 ἐσπουδακότας.
1200 1630 1226 1669 ιο
1302 1609 1303 1614 ’

135 1764 149 1813 1
234 1745 410 1832 Μέμνησο,
433 1746 485 1811 ὅτι
507 1743 548 1811 οὐ
571 1749 677 1830 μόνον
700 1743 859 1828 ἐπιθυμία
882 1743 984 1831 ἀρχῆς
1000 1744 1056 1811 καί
1078 1748 1185 1812 πλού-

168 1877 228 1921 του
251 1855 426 1929 ταπεινοὺς
448 1862 538 1916 ποιεῖ
558 1849 614 1916 καὶ
636 1851 748 1926 ἄλλοις
773 1850 1074 1936 ὑποτεταγμένους,
1097 1851 1184 1916 ἀλλὰ

168 1957 223 2024 καὶ
244 1959 383 2043 ἡσυχίας
404 1956 460 2022 καὶ
483 1961 604 2042 σχολῆς
626 1955 681 2022 καὶ
703 1955 887 2040 ἀποδημίας
904 1954 959 2022 καὶ
976 1961 1183 2042 φιλολογίας.
1298 1949 1305 2020 λ

168 2061 278 2139 ἁπλῶς
296 2062 359 2147 γὰρ
378 2052 453 2126 οἷον
467 2061 509 2127 δν
527 2055 549 2148 ᾗ
567 2063 606 2128 τὸ
625 2061 726 2146 ε’κτός,
743 2062 764 2146 ἡ
784 2063 861 2146 τιμὴ
880 2059 982 2129 αὐτοῦ
1000 2062 1183 2129 ὑποτάσσει
1296 2145 1301 2158 x

132 2184 148 2233 ν
167 2169 266 2256 όλλφ.
311 2171 347 2231 τί
366 2162 428 2232 οὖν
448 2165 598 2254 διαφέρει
617 2171 802 2252 συγκλήτου
821 2167 999 2253 ἐπιθυμεῖν
1017 2169 1038 2253 ἢ
1056 2178 1117 2235 τοῦ
1135 2172 1183 2253 μὴ
1197 2192 1222 2232 15

167 2267 254 2337 εἶναι
289 2276 522 2358 συγκλητικόν,
557 2277 593 2338 τί
624 2273 774 2359 διαφέρει
806 2273 908 2360 ἀρχῆς
944 2273 1123 2358 ἐπιθυμεῖν
1160 2274 1182 2357 ἢ

167 2377 339 2464 ἀναρχίαςς
372 2382 408 2443 τί
438 2377 588 2465 διαφέρει
619 2379 729 2463 λέγειν
762 2379 812 2444 ὅτι
839 2380 958 2458 (κακῶς
989 2381 1050 2464 μοί
1078 2377 1181 2463 ἐστιν,

166 2481 268 2551 οὐδὲν
291 2487 353 2571 ἔχω
376 2488 411 2550 τί
430 2483 559 2571 προίξοτ,
589 2485 673 2551 ἀλλὰ
699 2495 768 2561 τοῖς
794 2489 936 2570 βιβλίοις
957 2482 1182 2570 προσδέδεμαι

165 2591 210 2667 ὡς
237 2591 365 2677 νεκρδς’
394 2591 415 2676 ἢ
443 2591 552 2673 λέγειν
580 2591 699 2668 ’κακῶς
724 2593 785 2674 μοί
810 2589 914 2674 ἐστιν,
943 2589 1003 2658 οὐκ
1030 2587 1180 2677 εὐσχολῶ

130 2713 147 2760 3
166 2694 382 2778 ἀναγνῶναίς
407 2697 453 2773 ὡς
471 2696 534 2783 γὰρ
554 2692 721 2780 όσπασμολ
738 2693 794 2760 καλ
812 2695 895 2782 ἀρχὴ
914 2707 981 2762 τῶν
999 2695 1091 2773 ἐκτός
1108 2696 1179 2762 έστι
1194 2720 1221 2762 ευ

129 2797 221 2866 ικαὶ
253 2799 495 2887 όπροαιρέτων,
528 2801 614 2867 οὕτω
643 2799 698 2866 καλ
724 2804 866 2886 βιβλίον.
918 2800 939 2885 ἢ
965 2805 1055 2879 τίνος
1082 2800 1179 2869 ἕνεκα

163 2901 276 2982 θέλεις
307 2905 511 2990 ἀναγνῶναι;
544 2905 619 2972 είπέ
647 2930 712 2991 μοι.
763 2908 796 2971 εί
825 2901 887 2990 μὲν
918 2907 981 2993 γὰρ
1015 2903 1065 2972 ἐπ’
1096 2907 1178 2975 αὐτὸ

164 3007 397 3095 καταστρέφεις
426 3009 487 3092 [ἐπ’
515 3012 610 3094 αὐτὸ]
638 3013 676 3078 τδ
703 3018 989 3096 ψυχαγωγηδῆναι
1010 3012 1032 3097 ἣ
1055 3020 1180 3098 μαθεῖν

164 3138 213 3198 τι,
239 3118 366 3202 ψυχρὸς
393 3111 425 3182 εί
445 3115 500 3182 καλ
527 3122 741 3204 ταλαίπωρος.
787 3120 819 3183 εί
845 3115 876 3182 δ’
903 3115 954 3204 ἐφ’
981 3117 1000 3183 δ
1024 3120 1078 3183 δεῖ
1098 3117 1179 3184 ἀνα-

163 3219 290 3306 φέρεις,
317 3223 352 3286 τί
375 3219 465 3288 τοῦτ’
495 3225 585 3288 ἔστιν
612 3223 694 3290 ἄλλο
722 3223 744 3306 ἣ
771 3224 900 3310 εὕροιας
933 3226 965 3289 εί
992 3222 1032 3289 δέ
1057 3240 1111 3290 σοι
1138 3226 1176 3291 τὸ
1191 3244 1217 3286 εε

235 3389 362 3445 κόλλαν
380 3391 449 3463 (τι)
467 3393 498 3453 δε
526 3397 536 3461 ΙΙ
567 3392 701 3450 8κασίου
720 3396 753 3451 S:
771 3413 871 3452 eorm
897 3399 907 3467 ΙΙ
935 3401 969 3449 14
987 3391 1039 3451 ἐὰν
1053 3397 1087 3453 S.-
1104 3415 1176 3456 σοιν.

170 3460 232 3536 Ut.
256 3477 270 3514 ε
293 3462 351 3516 aod.
386 3464 396 3530 ΙΙ
432 3467 466 3514 22
485 3457 531 3516 ἐπ’
552 3463 639 3518 αὐτοῦ
659 3465 691 3520 S.-
709 3482 778 3521 οοιν.
798 3466 897 3533 δόλιος
919 3467 972 3522 δεῖ.
995 3467 1057 3536 Πγῖ.
1094 3469 1104 3536 ss
1140 3475 1177 3524 23

165 3527 223 3599 [π’
245 3529 325 3600 αότδ]
344 3532 394 3586 del.
414 3531 497 3588 δελετο.
530 3533 540 3601 Ι]
571 3538 606 3586 24
624 3533 818 3606 ἀταλαίπωρος
835 3536 920 3593 δελετο.
