2636 3930
133 190 190 246 (111,
205 193 314 246 6,1—14)
455 179 608 235 1311311011
626 184 767 238 νειτοω.
796 181 831 238 ε’.
1080 183 1145 247 223

128 349 175 429 τῷ
198 347 270 428 θεῷ
293 341 350 425 ’μή
373 365 406 406 τι
428 340 576 428 παρέβην
601 358 662 409 σου
685 345 743 421 τάς
766 342 914 423 ἐντολάςς
942 345 987 429 μή
1009 368 1041 409 τι
1064 346 1146 430 πρὸς

129 449 214 512 άλλα
238 445 426 532 ἐχρησάμην
448 459 518 525 ταῖς
541 448 707 535 ἀφορμαῖς
729 450 768 527 δς
791 452 930 529 ἔδωκας;
954 453 999 535 μη
1022 475 1054 516 τι
1075 461 1145 528 ταῖς

129 555 328 638 αἰσθήσεσιν
351 554 475 637 άλλως,
503 557 548 639 μή
572 579 603 620 τι
625 567 696 634 ταῖς
718 559 938 651 προληψεσιν;
968 559 1013 641 μη
1036 581 1068 622 τι
1092 559 1148 623 σοί

126 657 199 725 ποτ’
227 657 418 738 ἐνεκάλεσας
450 663 494 744 μη
517 684 549 728 τι
572 660 769 747 ἐμεμψάμην
792 679 854 729 σου
877 665 939 748 τὴν
962 664 1143 746 διοίκησιν;

100 765 285 850 ιένόσησα,
308 765 362 830 ὅτε
385 765 565 849 ἠθέλησας·
595 765 651 833 καὶ
674 767 710 833 οί
730 768 838 850 άλλοι,
861 764 931 832 ἀλλ’
960 766 1025 850 ἐγὼ
1049 765 1142 834 ἑκών.
1162 786 1179 834 9

128 871 230 956 πένης
249 871 412 956 ἐγενόμην
427 888 489 939 σου
507 870 680 957 θέλοντος,
699 872 782 939 ἀλλά
801 878 937 960 χαίρων.
970 873 1032 939 οὐκ
1049 869 1145 959 ἦρξα,

129 979 180 1045 ὅτι
204 981 245 1044 σὺ
269 978 332 1044 οὐκ
354 975 534 1062 ἠθέλησας·
558 977 712 1046 οὐδέποτ’
734 979 928 1064 ἐπεθύμησα
947 976 1058 1065 ἀρχῆς.
1099 982 1144 1064 μή

129 1088 164 1150 τί
188 1107 228 1169 με
255 1086 378 1150 τούτου
406 1083 502 1150 ἕνεκα
526 1089 746 1172 στυγνότερον
769 1081 868 1163 είδες;
900 1087 944 1170 μη
973 1085 1015 1152 οὐ
1041 1101 1144 1171 προσ-

128 1194 237 1275 ῆλθόν
265 1193 323 1256 σοί
346 1211 425 1256 ποτε
452 1193 583 1279 φαιδρῷ
612 1201 658 1280 τῷ
686 1194 868 1282 προσώπω,
899 1192 1030 1276 ἕτοιμος
1056 1198 1092 1258 εί
1113 1216 1144 1257 τι

87 1319 114 1360 10
128 1296 329 1378 ὲπιτάσσεις,
358 1301 392 1361 εί
414 1319 445 1360 τι
476 1299 660 1380 σημαίνεις;
690 1305 755 1363 νῦν
783 1320 822 1381 με
849 1294 961 1375 θέλεις
984 1298 1144 1364 ἀπελθεῖν
1164 1315 1198 1364 1ο

128 1400 165 1466 ἐκ
187 1410 246 1485 τῆς
266 1402 495 1488 πανηγύρεως·
520 1405 644 1488 άπειμι,
666 1404 765 1489 χάριν
789 1420 843 1470 σοι
862 1405 925 1490 ἔχω
948 1412 1070 1487 πᾶσαν,
1093 1404 1144 1470 ότι

87 1523 91 1530 ·
128 1507 272 1590 ἠξίωσάς
294 1532 334 1592 με
357 1513 648 1595 σνμπάνηγυρίσαι
671 1527 725 1576 σοι
748 1507 804 1574 καὶ
828 1512 913 1576 ίδεῖν
937 1513 1079 1596 ἔργατὰ
1102 1512 1144 1576 σά

128 1611 184 1678 καὶ
204 1621 242 1698 τῇ
261 1615 422 1699 διοικήσει
437 1632 499 1680 σον
517 1620 879 1700 συμπαρακολουθῆσαι
895 1615 1005 1698 [σοί].’
1040 1617 1144 1682 ταῦτά
1164 1633 1196 1681 11

128 1743 169 1804 με
193 1718 464 1805 ἐνθυμούμενον,
490 1729 593 1786 ταῦτα
620 1721 808 1807 γράφοντα,
834 1730 937 1786 ταῦτα
959 1721 1144 1805 ἀναγιγνώ-

88 1849 114 1890 15
130 1843 255 1891 σκοντα
276 1827 458 1911 καταλάβοι
482 1827 499 1892 ὁ
522 1826 677 1904 θάνατος.

193 1927 280 1996 Ἀλλ’
317 1931 337 2016 ἡ
369 1935 475 2018 μήτηρ
514 1934 578 2016 μου
610 1935 671 2018 την
703 1935 852 2018 κεφαλὴν
883 1941 1065 2010 νοσοῦντος
1101 1931 1142 1999 οὐ
1163 1949 1195 1998 12

128 2032 294 2124 κρατήσει.
312 2035 478 2103 -Ἅπιθι
495 2041 613 2104 τοίνυν
631 2042 715 2122 πρὸς
732 2041 795 2124 τὴν
812 2043 949 2125 μητέρα·
972 2039 1067 2130 άξιος·
1080 2040 1143 2123 γάρ

129 2139 163 2208 εί
180 2145 243 2227 τὴν
260 2144 409 2228 κεφαλὴν
422 2146 648 2230 κρατούμενος
660 2156 782 2211 νοσεῖν.
798 2183 840 2193 -
852 2143 937 2212 Ἀλλ’
960 2143 1013 2211 ἐπὶ
1031 2150 1144 2211 κλινα-
1164 2163 1197 2212 13

130 2253 206 2331 ρίου
226 2259 358 2332 κομψοῦ
378 2248 415 2314 ἐν
435 2257 514 2338 οίκςο
534 2253 739 2335 κατεκείμην.
760 2289 799 2300 -
813 2249 934 2317 ’Ἁπιθί
953 2268 1015 2317 σου
1034 2249 1088 2317 ἐπὶ
1107 2253 1143 2317 τὸ

90 2354 318 2440 εοκλινάριον·
331 2354 497 2440 Ι<νοσῶν>
520 2355 541 2439 ἢ
564 2356 726 2440 ὑγιαίνων
749 2355 840 2434 άξιος
862 2351 894 2420 εί
915 2354 967 2421 ἐπὶ
989 2358 1143 2423 τοιούτου

127 2467 355 2527 κατακεῖσθαι.
386 2462 430 2545 μη
449 2464 567 2527 τοίνυν
585 2459 729 2526 άπόλλυε
749 2461 769 2526 ἃ
784 2461 926 2524 δύνασαι
940 2458 1010 2524 ἐκεῖ
1024 2472 1143 2525 ποιεῖν.

193 2563 281 2632 Ἀλλ’
308 2566 326 2632 ὁ
358 2567 539 2653 Σωκράτης
570 2570 605 2632 τί
630 2564 732 2650 λέγεις
767 2567 893 2651 ὥσπερ
925 2566 1043 2642 άλλως
1070 2588 1142 2649 τις,
1163 2584 1196 2632 11
1316 2553 1317 2576 λ

129 2676 224 2758 φησί,
246 2676 376 2758 χαίρει
398 2676 466 2740 τὸν
488 2673 611 2757 ἀγρὸν
633 2676 702 2740 τὸν
720 2673 844 2739 αὑτοῦ
866 2681 989 2738 ποιῶν
1012 2673 1142 2758 κρείσ-

202 2870 235 2917 22
247 2881 308 2933 sqq
322 2863 357 2919 cf.
371 2864 499 2934 Xenoph.
514 2864 618 2920 Oomm.
633 2865 654 2933 Ι,
670 2871 694 2933 6,
712 2863 867 2934 ιεεωάσιιερ
887 2863 968 2926 ἄλλος
984 2884 1052 2927 τις·
1038 2864 1142 2938 -ίπιιῳ

130 2935 291 3006 άγαδῷ--
305 2932 458 3026 -ηδεται,
464 2935 534 2990 οάτω
549 2935 598 2990 καλ
613 2907 663 2990 ἐάν
681 2955 708 2989 τι
727 2933 780 3005 ἔχω
799 2933 921 3004 ἀγαθόν,
941 2933 1074 3002 διδάσκω,
1094 2919 1143 2991 άλ-

131 3009 190 3069 λοις
207 2987 366 3076 όννίστημι,
390 3025 447 3076 παρ
450 3002 519 3061 ’ὧν
539 3005 575 3061 δν
598 3005 708 3076 ἡγῶμαι
732 3004 983 3087 ὢφεληδήσεσθαί
994 3025 1022 3060 τι
1040 2977 1143 3069 αδτονς

131 3074 171 3138 είς
190 3077 208 3130 ά
210 3076 302 3146 ρ.ετήν
331 3076 381 3131 sed
403 3077 496 3147 magis
520 3094 584 3131 cum
600 3077 727 3164 Epicteti
750 3076 843 3132 verbis
867 3075 1050 3144 conveniunt,
1069 3093 1142 3144 quae

129 3147 185 3218 leg.
201 3147 299 3272 ομοδὲ
290 3147 363 3238 ΡΙρλ.
377 3148 452 3203 Prot
467 3167 495 3236 μ.
511 3154 601 3203 3182:
621 3145 738 3202 ἀπιέναι
759 3149 857 3202 οίκαδε
877 3148 997 3220 βελτίονι
1014 3145 1142 3217 γεγονότι

184 3213 299 3272 -καλὲ
299 3218 403 3288 κάστης
420 3217 526 3289 ἡμερας
544 3219 589 3273 ἀεὶ
609 3214 655 3273 ἐπὶ
673 3219 704 3274 τδ
724 3216 832 3292 βέλτιον
852 3213 1020 3273 ἐπιδιδόναι.

203 3392 312 3450 δδτιε
342 3397 352 3464 fl
379 3395 630 3465 8προσελιδόιν8.·
650 3412 718 3452 οονν
737 3413 751 3450 ε
777 3397 787 3464 Η
815 3401 848 3450 13
868 3395 941 3466 [σοί]
960 3396 1012 3450 del
1031 3411 1045 3450 ε
1071 3397 1081 3464 ss
1108 3399 1143 3448 20

130 3462 297 3591 (νοσῶνῖ
281 3485 299 3533 η
318 3467 430 3536 scripsi:
448 3461 466 3536 ἦ
490 3468 574 3536 Wolf,
593 3465 642 3521 καὶ
663 3466 760 3523 θοναιε
795 3469 805 3536 11
841 3471 875 3520 26
894 3465 1055 3536 χαίρεινδ.ι
1073 3481 1141 3521 corr.

130 3554 144 3592 ε
175 3539 186 3606 δ
217 3557 235 3591 α
254 3536 355 3593 τοῦδε
374 3553 445 3593 corr.
459 3555 473 3592 8
