2626 3924
175 184 243 247 354
319 181 502 235 ΑΡΡΙΑΝΟΤ
519 180 595 233 ΤΩΝ
611 180 829 233 ΕΠΙΚΤΗΤΟΤ
847 180 1041 233 ΔΙΑΤΡΙΒΩΝ

174 345 223 409 ὢν
247 340 375 429 ἀρέσεις
397 350 442 431 τῷ
464 348 551 429 θεῷς
579 342 620 407 ού
646 344 857 427 πανταχόθεν
884 343 922 407 τὸ
952 341 1027 408 ἴσον
1050 339 1196 427 ἀπέχου-

174 467 245 529 σιν;
270 448 312 515 ού
333 452 546 534 πανταχόθεν
568 449 691 533 ὁμοίως
714 449 837 534 ὁρῶσιν
859 448 899 513 τὰ
922 451 1096 532 χινόμενα;

257 851 296 920 ε’.
333 856 439 939 Πρὸς
462 856 553 930 τοὺς
575 856 768 938 μαχίμους
791 850 855 918 καὶ
878 855 1106 940 θηριώδεις.
1295 872 1298 1084 ρ

140 1032 156 1080 1
238 1011 274 1077 Ὁ
297 1015 397 1091 καλὸς
418 1010 474 1078 καὶ
496 1011 624 1095 ἀγαθὸς
649 1008 719 1076 οὔτ’
747 1011 846 1088 αὐτὸς
869 1012 1009 1097 μάχεταί
1028 1036 1095 1078 τινι
1119 1010 1191 1078 οὔτ’

139 1122 280 1186 κάλλον
308 1119 347 1206 έᾷ
373 1119 455 1184 κατὰ
482 1119 637 1202 δύναμιν.
686 1119 894 1204 παράδειγμα
922 1114 960 1182 δὲ
986 1116 1042 1184 καὶ
1069 1119 1194 1184 τούτου
1221 1133 1235 1173 ⁵

175 1226 327 1310 καθάπερ
354 1221 410 1289 καί
436 1233 503 1288 τῶν
530 1225 643 1288 άλλων
666 1226 807 1290 ἔκκειται
834 1224 915 1308 ἡμῖν
937 1224 956 1290 ὁ
979 1227 1052 1309 βίος
1075 1226 1092 1291 ὁ
1117 1230 1195 1290 Σω-

175 1331 330 1416 κράτους,
348 1329 385 1406 ὃς
403 1329 444 1394 οὐ
463 1332 568 1414 μόνον
588 1329 687 1406 αὐτὸς
704 1339 875 1416 πανταχοῦ
894 1327 1051 1415 ἐξέφυγεν
1070 1331 1194 1415 μάχην,

139 1433 248 1502 κᾶλλ’
272 1433 344 1502 οὐδ’
366 1437 489 1513 ἄλλους
512 1436 676 1521 μάχεσθαι
701 1442 761 1501 εία.
808 1435 870 1521 ὅρα
892 1437 980 1522 παρὰ
999 1436 1194 1522 Ξενοφῶντι

177 1542 213 1608 έν
245 1550 290 1630 τῷ
320 1544 504 1632 Συμποσίῳ
536 1543 641 1618 πόσας
672 1541 776 1627 μάχας
807 1538 962 1625 λέλυκεν,
989 1553 1059 1619 πῶς
1090 1543 1193 1608 πάλιν

175 1647 331 1733 ἠνέσχετο
356 1647 590 1736 Θρασυμάχου,
612 1657 682 1724 πῶς
705 1648 839 1730 Πύλου,
863 1657 932 1723 πῶς
955 1646 1193 1733 Καλλικλέους,
1208 1673 1234 1712 ιο

175 1766 245 1832 πῶς
271 1765 328 1840 τῆς
355 1756 513 1840 γυναικὸς
541 1755 706 1839 ἠνείχετο,
737 1763 806 1830 πῶς
833 1763 894 1818 τοῦ
920 1753 999 1818 υίοῦ
1026 1751 1194 1839 ἐξελεγχό-

140 1877 276 1946 εμενος
307 1858 364 1926 ὑπ’
398 1861 518 1943 αὐτοῦ,
551 1861 777 1943 σοφιζόμενος.
832 1861 908 1923 λίαν
940 1859 1003 1944 γάρ
1036 1858 1195 1944 ἀσφαλῶς

177 1963 338 2049 ἐμέμνητο
345 2013 355 2047 ,
387 1965 438 2029 ὅτι
465 1964 577 2040 οὐδείς
604 1963 781 2050 ἀλλοτρίου
807 1964 1008 2048 ἡγεμονικοῦ
1033 1967 1193 2052 κυριεύει.

140 2066 279 2136 σούόὲν
303 2064 365 2134 οὖν
387 2070 469 2134 άλλο
491 2069 614 2152 ἤθελεν
637 2069 657 2153 ἢ
681 2071 718 2134 τὸ
742 2070 840 2135 ίόιον.
885 2071 921 2134 τί
937 2063 967 2133 δ’
990 2070 1059 2134 ἔστι
1077 2081 1193 2148 τοῦτο;

177 2175 238 2261 οὐχ
261 2176 317 2240 ἵνα
339 2183 414 2261 κινῇ
437 2169 535 2252 οὗτός
556 2198 631 2240 τινα
653 2175 871 2260 κατὰφύσιν·
894 2183 992 2241 τοῦτο
1011 2175 1074 2261 γὰρ
1093 2175 1193 2243 άλλό-
1208 2199 1236 2239 15

176 2301 283 2367 τριον·
313 2277 384 2347 ἀλλ’
412 2281 500 2359 ὅπως
527 2280 664 2347 ἐκείνων
686 2281 726 2346 τά
750 2283 819 2346 ίόια
841 2281 1040 2366 ποιούντων,
1064 2282 1110 2359 ὡς
1133 2282 1195 2348 αύ-

131 2397 134 2404 ’
175 2399 247 2466 τοϊς
277 2390 383 2473 δοκεῖ,
415 2387 513 2467 αὐτὸς
539 2383 644 2473 μηδὲν
671 2382 771 2470 ῇττον
798 2388 880 2452 κατὰ
907 2387 1011 2472 φύσιν
1043 2385 1108 2465 ἕξει
1136 2386 1194 2453 καὶ

175 2515 391 2525 --ι-ι-

253 2587 288 2636 10
306 2581 340 2635 cf.
359 2580 432 2635 Plat.
451 2578 585 2649 Respubl.
597 2580 634 2633 'et
652 2577 781 2648 Gorgias.

252 2657 284 2704 11
296 2668 336 2719 sq.
358 2650 393 2706 cf.
407 2650 533 2719 Xenoph
553 2649 657 2704 Gomm.
671 2649 706 2717 11,
720 2655 746 2703 2.

251 2727 283 2776 12
295 2739 355 2790 sqq.
372 2721 407 2776 cf.
422 2720 509 2776 Ench.
524 2725 571 2775 42:
584 2717 671 2775 Ὅταν
690 2717 721 2773 σέ
734 2739 776 2782 τις
790 2727 882 2781 κακῶς
895 2726 963 2789 ποιῇ
977 2716 994 2786 ἢ
1009 2727 1103 2782 κακῶς
1116 2717 1162 2788 λέχ
1183 2759 1192 2788 ,

177 2789 315 2863 μέμνησο,
340 2791 382 2846 ότι
405 2791 547 2882 καῇήκειν
566 2792 641 2863 αύτῷ
665 2788 792 2880 οίόμενοχ
810 2787 921 2880 πριεῖἢ
941 2787 1022 2878 λέχει.
1060 2740 1192 2880 ούχὶοίόν

176 2882 207 2988 χε
226 2859 277 2917 οὖν
296 2864 467 2918 άκολονθειν
486 2861 630 2932 (of.s.11)
650 2861 736 2917 αύτὸν
754 2881 791 2932 τφ
810 2878 849 2933 σφ
868 2880 1040 2933 φαινομενφ,
1065 2861 1135 2914 ἄλλοι
1153 2881 1192 2933 τρι

193 2953 284 3058 mla
298 3021 358 3072 sqq.
379 3001 413 3057 cf.
432 3002 519 3057 Ench.
530 3009 577 3059 30:
597 3003 668 3074 μηδὲ
687 3002 794 3070 σκόπει,
813 3003 844 3056 τί
855 2997 962 3065 ἐκεῖνος
975 3008 1060 3070 ποιεῖ,
1081 3000 1151 3056 ἀλλὰ
1164 3003 1196 3056 τί

125 3095 131 3098 ·
178 3075 223 3130 σοί
241 3072 392 3141 ποιήσαντι
409 3072 482 3127 κατὰ
502 3073 588 3141 φύσιν
606 3072 624 3142 ῇ
643 3074 677 3144 σὴ
697 3072 754 3140 ἕξει
772 3075 941 3144 προαίρεσις.

252 3291 286 3340 10
304 3273 440 3353 ἀνέσχῆτο
459 3285 492 3340 S:
511 3302 580 3342 corr.
598 3302 612 3341 ε
632 3285 768 3355 (ἠνείχετο
786 3302 861 3342 ικικε
873 3287 896 3354 s)
929 3287 939 3355 ῇ
972 3289 1004 3340 15
1023 3291 1089 3355 κινῇ
1109 3279 1191 3346 οὗτός

173 3394 231 3457 (cm
249 3387 368 3456 αύτόςὲ)
387 3410 451 3445 τινα
469 3392 581 3460 scripsi:
600 3407 670 3447 m*
685 3377 735 3446 οόί
753 3407 786 3447 τ*
804 3391 837 3447 S:
855 3399 920 3460 κινῇ
939 3376 989 3446 ούέ
1049 3390 1080 3451 81,
1097 3391 1135 3460 (τι
1152 3393 1193 3460 εὶς

177 3458 377 3588 χςινχοχρύρρχιε
398 3461 469 3528 Πρί,
487 3468 552 3530 κινῇ
570 3461 684 3524 τούτους
698 3461 833 3534 <ποιεῖν>
850 3481 878 3515 τι
896 3462 980 3518 Schw.
1007 3400 1028 3532 ό
1055 3461 1194 3524 16αύτὸς

1016 3376 1041 3399 ..Ι
